3300 6050
267 800 314 869 70
744 785 984 846 Avormsm
1213 784 1276 856 [ιν.
1287 790 1312 843 s.
1327 792 1439 843 19-10.
1453 792 1480 844 s.

354 973 417 1044 soit
437 974 609 1062 peperisse
625 973 703 1059 iam,
721 972 762 1043 rit
779 994 843 1060 ego
860 974 989 1061 opinor,
1010 973 1122 1042 filiam
1143 994 1248 1043 suam.
1283 975 1373 1043 mino
1394 973 1483 1042 mihi

1121 1090 1333 1176 incertumst,

356 1206 476 1276 theom
507 1227 552 1277 an
583 1228 748 1293 maneam,
775 1208 897 1277 ideam
921 1230 967 1277 on
991 1207 1249 1295 fugiam-quid
1277 1229 1341 1294 ego
1369 1229 1483 1295 egam,

1124 1328 1246 1414 edepol
1266 1327 1388 1396 nescio.
1450 1345 1484 1392 oo

797 1444 948 1513 Evomo.
1383 1446 1437 1515 IV
1454 1465 1486 1513 ro

359 1560 435 1647 quis
457 1560 558 1630 homo
579 1561 635 1630 hio
655 1562 829 1649 loquitur?

766 1683 977 1751 Iroommms

826 1800 889 1887 ego
911 1823 986 1869 sum
1006 1802 1116 1871 meso.

800 1920 950 1990 Evomo.

811 2041 915 2110 immo
937 2041 1000 2129 ego
1021 2063 1096 2110 sum
1118 2047 1153 2110 et
1174 2041 1295 2110 misere
1315 2040 1487 2127 perditus,

275 2164 316 2233 72
319 2166 336 2252 5
361 2151 442 2238 quoi
463 2158 559 2223 tento
579 2156 668 2226 mala
690 2156 964 2246 mtestitudoque
986 2160 1118 2247 optigit

773 2278 985 2347 chormrs.

1115 2393 1227 2462 animo
1248 2394 1373 2462 bono's.

801 2518 951 2585 Evomo,

362 2653 440 2717 quo,
464 2631 610 2719 obsecro,
632 2638 733 2720 paeto
755 2633 828 2702 esse
848 2637 1008 2721 pessumi

775 2755 986 2823 Lroosnms

911 2869 992 2956 quia
1013 2872 1101 2939 istuc
1121 2871 1251 2939 facinus
1272 2867 1366 2956 quod
1387 2873 1488 2938 tuom

363 2980 521 3052 sollicitat
542 2983 699 3069 animum,
721 2984 757 3054 id
778 3006 843 3073 ego
864 2985 928 3056 feci
951 2993 986 3057 et
1007 2987 1125 3058 itteor.

806 3107 957 3175 Evomo

1045 3228 1132 3313 quid
1150 3249 1214 3313 ego
1235 3248 1281 3295 ex
1303 3231 1339 3295 to
1360 3225 1489 3296 aridio?

778 3348 989 3416 L1oorrm1es.

366 3465 401 3535 id
422 3468 515 3553 quod
535 3471 697 3536 uerumst

279 3832 330 3889 Ev.
348 3850 400 3903 ego
417 3833 520 3904 oppido
538 3834 636 3890 interii.
655 3835 704 3889 Lr.
722 3834 842 3904 palamst
859 3851 912 3890 res.
960 3836 1051 3907 palam
1069 3853 1115 3892 res
1132 3839 1176 3892 est
1193 3853 1217 3903 γ.
1322 3837 1374 3894 722
1392 3805 1436 3889 sit
1453 3831 1485 3890 J.

278 3946 330 3999 ego
342 3933 415 3985 deest
427 3933 509 3998 opud
519 3932 653 3985 Portum
665 3932 746 3985 notit
759 3932 863 3986 addito
880 3935 1074 4005 adnotatione,
1087 3936 1166 3991 leobot
1183 3936 1329 3990 Grttterm
1339 3941 1366 3988 ot
1377 3909 1486 4000 labitur

279 4013 313 4068 in
324 4013 373 4077 ιῙγ.
409 4014 544 4067 incertum
556 4019 599 4069 est
607 4015 656 4080 ιῐγ.
728 4019 778 4074 723
796 4016 865 4084 quid
880 4033 959 4086 egam
971 4019 1088 4076 habeam
1106 4020 1136 4090 (h
1150 4027 1249 4089 posteo
1262 4019 1382 4074 deletum
1395 4017 1428 4070 in
1441 4018 1484 4085 B,

281 4094 380 4150 abeam
392 4096 417 4153 J
417 4113 441 4165 γ,
452 4097 536 4154 aeds
547 4100 642 4167 spatio
653 4099 731 4153 inter
743 4115 823 4168 egem
835 4107 861 4155 ot
873 4102 971 4158 obeam
983 4105 1089 4173 relicto)
1101 4122 1137 4160 on
1151 4121 1277 4159 moneam
1290 4119 1326 4157 en
1337 4100 1434 4156 edeam
1446 4117 1482 4155 rm

279 4177 382 4249 fugiam
401 4182 470 4253 quid
486 4200 567 4252 agam
591 4185 690 4255 edepol
707 4186 799 4241 neseio
816 4184 898 4258 Bos,
916 4192 1145 4247 entettdouownt
1169 4190 1287 4244 Hariza
1303 4194 1331 4243 et
1347 4187 1484 4254 Boeotus,

278 4270 340 4324 niet
362 4274 438 4340 qood
460 4289 512 4343 ego
533 4273 654 4328 addidit
675 4273 812 4330 Briaeius.
912 4281 963 4335 724
984 4278 1034 4332 tio
1056 4293 1164 4332 nouam
1185 4290 1313 4331 scaenam
1331 4273 1485 4341 incipiunt

279 4355 358 4427 tetri,
375 4359 473 4415 eodem
490 4359 678 4428 inscriptione
696 4375 768 4427 quae
785 4360 892 4428 lopitur
909 4363 950 4416 ad
967 4379 995 4416 o.
1008 4366 1066 4420 705.
1102 4361 1151 4417 ΙΝ.
1164 4377 1214 4430 ego
1225 4377 1294 4416 sum.
1328 4359 1380 4413 Ev.
1398 4358 1485 4413 immo

278 4459 330 4514 ego
342 4448 403 4501 sirm
421 4447 504 4502 misor
522 4449 533 4516 Η
552 4446 591 4502 Et
607 4447 706 4501 misere
717 4445 845 4516 perditus
857 4446 897 4517 B,
911 4450 1000 4504 Immo
1012 4465 1063 4517 ego
1075 4465 1136 4504 sum
1149 4449 1160 4516 ΙΙ
1173 4450 1211 4504 m
1228 4447 1327 4502 misere
1345 4444 1443 4520 pditus
1453 4442 1485 4502 J.

278 4530 327 4585 Lr.
346 4548 397 4600 ego
409 4550 478 4587 sum.
514 4533 564 4586 Eo.
584 4533 646 4587 Imo
658 4548 709 4601 ego
721 4549 782 4587 sum
797 4533 881 4588 miser
899 4534 910 4601 ΙΙ
930 4534 966 4588 Et
983 4534 1083 4588 misere
1094 4533 1220 4603 perditus
1232 4548 1256 4598 γ.
1292 4531 1404 4586 uitium
1422 4529 1484 4584 tom

278 4630 313 4668 eo
333 4623 422 4682 porte
439 4616 473 4668 in
489 4615 603 4669 Aldina
620 4623 646 4670 et
664 4618 698 4672 ab
715 4615 853 4670 Acidalio
869 4617 1056 4685 Meursioqoe
1074 4618 1287 4673 resarcinotom
1308 4613 1485 4684 personavit

278 4698 411 4753 Boetius.
483 4702 533 4758 725
547 4701 700 4757 Mestitudo
713 4701 765 4770 (sio
777 4702 865 4756 etiam
877 4699 962 4768 Bos)
974 4718 1033 4769 pro
1050 4704 1176 4758 mestitia
1178 4744 1242 4758 ......
1245 4701 1377 4756 Plautus
1392 4699 1486 4755 Aulu-

277 4781 372 4837 laria:
398 4782 447 4852 qui
464 4786 543 4839 tants
559 4786 632 4841 malo
649 4785 855 4855 mestitudoque
872 4787 981 4857 obtigit.
1015 4788 1134 4845 Nonius
1161 4790 1219 4860 136,
1238 4790 1279 4844 28.
1374 4787 1419 4843 eui
1436 4784 1485 4851 ιῙγ.

278 4869 380 4940 optigit
395 4868 459 4936 Bs,
473 4869 528 4925 obt.
547 4889 569 4937 γ.
605 4872 678 4929 bono
696 4890 725 4928 es
744 4871 823 4938 Βιῐγ.
858 4880 983 4929 cetorum
1000 4874 1102 4929 Animo
1115 4876 1187 4930 bono
1205 4891 1235 4930 es
1254 4889 1343 4942 usquo
1354 4873 1395 4927 od
1409 4871 1485 4942 quod

277 4959 357 5012 tuum
369 4976 426 5014 uno
439 4976 527 5015 uersu
545 4962 731 5017 eontinentur
742 4962 776 5016 in
788 4960 869 5028 Βιῐγ.
905 4965 985 5017 tuum
997 4958 1115 5017 deest-1.
1197 4964 1249 5020 728
1266 4975 1366 5014 uerum
1377 4962 1423 5014 ost
1435 4956 1484 5026 ιῙγ,

277 5058 389 5102 uersum
405 5048 450 5104 est
460 5045 500 5105 B.
535 5063 587 5118 ego
606 5047 712 5104 emerui
722 5045 780 5108 BJ
798 5055 826 5105 et
844 5065 879 5106 es
896 5065 972 5105 corr.
988 5065 1013 5118 γ,
1027 5047 1063 5103 de
1081 5050 1111 5104 to
1127 5046 1217 5103 merui
1228 5053 1293 5102 nott.
1312 5045 1385 5113 add„
1399 5044 1439 5101 do
1454 5047 1485 5100 to
