3300 6050
690 797 927 854 Avnvnhltm.

706 975 903 1043 Summa

1028 1092 1204 1181 quippini?

289 1229 378 1293 egea
398 1209 490 1277 intus
511 1213 667 1279 seruemi
695 1231 740 1279 an
761 1210 803 1277 ne
826 1210 903 1300 quis
924 1210 1018 1279 aedis
1040 1211 1192 1283 adferatl

288 1346 367 1392 nam
388 1325 443 1393 hic
465 1326 558 1414 ipud
579 1348 640 1395 nos
662 1326 748 1393 nihil
770 1332 823 1396 est
844 1326 938 1395 iliud
959 1329 1093 1414 quaesti
1115 1328 1267 1398 fiinibus:
1390 1351 1405 1397 ⁵

287 1442 336 1510 ita
356 1442 478 1512 ininiis
499 1449 580 1513 sunt
600 1443 757 1532 oppletae
778 1450 882 1531 atque
903 1448 1045 1517 artneis.

729 1564 878 1631 Evomo.

224 1683 262 1761 85
288 1677 410 1747 minim
431 1679 515 1765 quin
534 1683 596 1748 tua
616 1701 671 1747 me
692 1679 792 1748 caiisa
813 1680 917 1750 faciat
938 1682 1092 1768 lippiter

286 1800 482 1887 Philippum
502 1819 616 1885 regem
637 1804 698 1869 aut
719 1800 870 1883 Dirium,
892 1799 1096 1867 triuentiiea.

285 1918 425 1988 araneas
446 1918 531 1985 mihi
550 1940 613 2003 ego
635 1918 709 1985 ilias
730 1918 858 1986 seniori
879 1917 968 1985 uolo.

285 2034 416 2123 pauper
436 2057 521 2119 sum,
542 2035 659 2119 faleor,
680 2037 813 2121 patior:
843 2038 937 2123 quod
958 2038 994 2105 di
1015 2038 1100 2107 dant
1121 2040 1201 2108 fero.

284 2153 341 2221 abi
362 2152 461 2236 intro,
482 2151 622 2225 occlude
642 2151 799 2221 iinuam:
828 2153 896 2219 iam
917 2174 981 2238 ego
1002 2152 1057 2222 hic
1078 2176 1145 2223 ero.

221 2293 266 2360 90
286 2295 379 2358 caue,
400 2273 602 2359 quemquam
623 2270 770 2338 alienum
791 2271 828 2338 in
849 2270 941 2338 aedis
962 2272 1052 2339 intro
1072 2271 1211 2340 miseris.

287 2392 381 2479 quod
402 2388 571 2475 quispiam
592 2389 705 2474 ignem
726 2386 877 2474 quaerat,
899 2388 1055 2474 extingui
1075 2389 1165 2474 uolo,

285 2529 329 2576 ne
350 2505 470 2575 cauisse
492 2505 575 2591 quid
597 2505 642 2572 sit
663 2503 755 2590 quid
776 2509 811 2573 te
833 2505 1000 2591 quispiam
1021 2505 1198 2592 quaeritet

285 2647 364 2694 nam
385 2625 415 2693 si
434 2623 522 2710 ignis
543 2604 649 2706 uiuet,
671 2627 712 2690 tu
734 2621 934 2707 extinguere
956 2621 1162 2709 extempulo.

284 2746 358 2811 tum
379 2763 501 2827 aquam
522 2740 692 2827 aufugisse
714 2739 826 2824 dicito,
850 2740 879 2806 si
900 2738 977 2825 quis
997 2745 1102 2826 petet

220 2878 259 2948 95
285 2860 430 2931 cuitrdm
451 2861 595 2928 securim
615 2860 781 2952 pistillum
800 2857 1008 2943 mortitium,

284 3000 372 3068 quae
392 2977 519 3046 utenda
540 2998 623 3046 uasa
643 2976 776 3063 semper
796 2975 899 3044 uicini
920 2980 1050 3062 rogant,

283 3095 374 3165 fines
394 3094 528 3162 uenisse
549 3097 653 3180 atque
674 3094 854 3163 {abstulisse
874 3093 987 3162 dicito.

282 3214 432 3304 profecto
452 3214 488 3281 in
509 3213 603 3282 aedis
623 3213 715 3282 meas
736 3234 791 3282 me
811 3213 951 3282 absente
973 3211 1140 3282 neminem
1368 3237 1399 3286 ao

196 3487 300 3560 qnippe
316 3485 355 3541 nii
371 3484 413 3552 ιῙγ
424 3492 450 3541 et
461 3484 538 3540 codd.
551 3500 604 3541 rec.
616 3484 749 3554 paraus
765 3500 867 3539 omna.
903 3482 986 3552 aulae
1004 3482 1135 3553 quippeni
1145 3500 1212 3539 cum
1222 3487 1399 3552 eeqmntahas

195 3572 340 3642 iungitur,
348 3572 398 3626 aad
407 3571 468 3626 iam
480 3587 500 3625 a
510 3571 610 3626 Pareo
618 3570 686 3625 lade
694 3571 872 3624 disiunctum
883 3576 930 3624 eet.
1001 3574 1035 3624 82
1047 3585 1098 3637 ogo
1107 3567 1188 3638 Βιῐγ,
1197 3572 1396 3641 egonscripei:

195 3660 266 3715 aide
283 3659 324 3715 ad
340 3665 382 3714 45.
415 3673 486 3713 anne
498 3657 559 3728 quis
571 3655 655 3712 aedes
665 3653 697 3712 J.
767 3660 802 3710 83
819 3653 902 3708 nichil
920 3653 952 3710 J.
1021 3653 1112 3722 questi
1131 3651 1195 3710 BJ.
1228 3657 1337 3721 quaesti
1352 3659 1400 3712 ael

195 3744 338 3814 quamuis
347 3744 520 3813 dictumpro
528 3747 660 3811 quaestus
663 3776 727 3795 ......
729 3739 859 3794 Plautus
867 3738 1043 3801 Aulatiria:
1061 3739 1317 3810 namhicapudnos
1328 3740 1398 3796 nihil

196 3833 241 3885 est
252 3829 358 3901 quaesti
369 3829 465 3885 surim.
511 3827 629 3883 Nonius
640 3827 700 3895 483,
713 3841 755 3879 20.
834 3829 868 3880 84
885 3824 975 3879 inanis
994 3821 1069 3888 Βιῐγ
1080 3823 1161 3893 (uide
1173 3825 1208 3880 dc
1220 3825 1308 3878 haiae
1319 3825 1398 3881 modi

196 3914 350 3984 scriptura
366 3915 590 3970 Lachmaunam
606 3928 704 3967 comm.
715 3912 801 3966 Lacr.
812 3928 840 3981 p.
851 3925 903 3980 279
914 3911 955 3980 a),
967 3909 1063 3965 inanes
1073 3910 1150 3964 codd.
1162 3928 1220 3966 uon
1237 3914 1317 3969 nulli
1333 3933 1397 3986 rea,

196 3998 294 4055 inaniis
311 3999 372 4054 edd.
388 4005 454 4053 uolt
491 3997 580 4053 inanis
594 4014 652 4066 pro
670 3996 804 4052 inanitate
823 3997 952 4052 Plautus
967 3995 1148 4051 Aulularia:
1166 3996 1207 4052 ita
1223 3997 1313 4053 inanis
1332 4005 1397 4056 sunt

194 4083 322 4155 oppletae
333 4084 543 4152 atqueartntet.
578 4082 821 4152 Nonius123,18.
900 4089 934 4139 85
951 4098 1031 4137 nunc·
1039 4088 1105 4150 poet
1120 4083 1170 4138 tua
1187 4085 1301 4141 addam
1313 4085 1395 4159 BJq,

196 4166 342 4221 militar
352 4166 412 4222 tiam
423 4167 458 4222 iu
468 4166 562 4223 ecdico
573 4167 809 4223 Helwutadiemi.
878 4174 912 4224 86
930 4167 1084 4223 triuenitico
1098 4165 1148 4232 Ji·
1217 4175 1251 4230 87
1269 4173 1352 4230 michi
1362 4174 1395 4233 J.

197 4249 301 4306 seruari
320 4248 377 4322 Ba,
396 4267 507 4307 seruam
527 4251 559 4310 J.
594 4259 718 4309 ceteram
738 4252 773 4307 ia
792 4252 816 4309 J
834 4270 862 4308 a.
879 4257 912 4312 87
929 4260 955 4308 ct
974 4259 1009 4308 88
1024 4253 1058 4306 ia
1075 4268 1171 4306 unam
1190 4270 1309 4310 aereum
1328 4266 1396 4313 mut

195 4336 339 4392 contracti.
427 4341 462 4392 88
486 4336 576 4393 fateor
598 4338 673 4393 deest
695 4338 777 4407 apud
799 4338 941 4406 Pereunt,
963 4338 1064 4393 liabent
1087 4336 1274 4398 mmmmm
1296 4351 1323 4398 ct
1343 4345 1395 4412 δγ.

195 4424 292 4493 dii-Ia.
372 4432 407 4483 90
418 4426 571 4500 modes-1,
582 4428 612 4484 in
623 4406 690 4485 edds
701 4447 726 4497 γ.
797 4434 829 4485 91
844 4411 1152 4499 (Xa‘sisiquispiamni,
1165 4429 1213 4514 (ξ
1224 4431 1248 4485 si
1260 4434 1395 4503 quispiam

194 4528 213 4578 γ
222 4528 289 4569 cum
299 4510 371 4568 aliia
382 4528 439 4569 rec.
509 4518 543 4569 92
561 4513 707 4585 quisquam
717 4514 767 4584 Ji,
776 4514 912 4585 quispiam
920 4514 1043 4584 Pareae,
1052 4514 1196 4586 quisquam
1207 4518 1395 4577 Ouum-arim

193 4602 220 4649 et
232 4596 389 4650 omarus.
422 4595 492 4652 ciust
506 4614 623 4655 uersum
638 4600 787 4656 Ronanus
802 4600 844 4655 ad
859 4600 923 4654 Ter.
935 4598 1003 4654 Hac.
1016 4614 1059 4654 111.
1072 4613 1097 4669 5,
1109 4615 1133 4656 2.
1204 4608 1237 4659 93
1254 4605 1395 4675 extemplo

194 4675 278 4743 Bia,
294 4677 454 4748 extempulo
471 4682 529 4738 eod.
547 4683 749 4741 Taabmanni:
767 4685 836 4740 aide
854 4683 1018 4740 Bacchium
1035 4685 1076 4739 ad
1096 4686 1159 4740 Ter.
1174 4685 1242 4744 Hec.
1258 4703 1338 4761 nx3,
1354 4706 1394 4760 13.

194 4767 230 4817 94
246 4760 328 4829 uolgo
341 4769 407 4830 pact
424 4764 508 4822 dicito
523 4768 608 4837 plone
626 4769 858 4838 interpanqitur.
927 4773 961 4824 95
983 4768 1123 4838 pistellum
1143 4769 1183 4841 B,
1200 4772 1334 4842 pistillum
1353 4777 1396 4846 ,ϊγ

193 4862 261 4902 mm
271 4845 358 4902 libra)
369 4864 421 4906 ree.
444 4853 480 4908 dc
488 4861 605 4910 accantu
617 4854 747 4910 aocahali
758 4855 825 4910 uide
837 4853 1025 4909 accolatum
1034 4855 1109 4912 Par.
1118 4871 1137 4913 x
1147 4873 1188 4914 22.
1200 4858 1294 4916 Preti.
1306 4862 1394 4920 ccxiii.

192 4932 378 5002 mortuo-ima,
395 4935 430 4991 ia
446 4953 501 5007 quo
515 4945 652 4995 amatur
668 4957 742 5009 quoa
758 4941 894 4998 micando
910 4945 986 4996 aaut.
1021 4940 1152 5000 Plautus
1168 4944 1202 5000 iu
1213 4945 1394 5007 Aulularia.-

191 5017 311 5076 eultrum
323 5020 442 5078 securim
453 5023 588 5093 pistillum
601 5025 772 5084 mortalium.
806 5027 925 5084 Nonim
937 5038 996 5098 543,
1009 5042 1051 5098 23.
1120 5037 1154 5090 98
1171 5030 1316 5090 insedibus
1326 5036 1395 5092 meis
