3300 6050
776 769 1017 830 Avuvuuuu.
1260 772 1327 845 [1v.
1342 780 1382 831 ιο.
1393 779 1510 837 ee-u.

794 962 1006 1032 Iucoumus,

644 1082 783 1152 etmihi
803 1084 853 1152 ita
874 1085 910 1152 di
931 1084 1066 1153 ficiunt
1094 1084 1176 1152 audi
1195 1084 1362 1155 nunciam.

384 1203 444 1289 qui
465 1203 567 1272 homo
581 1203 715 1289 eulpam
730 1202 866 1271 admisit
879 1203 916 1269 in
930 1224 977 1287 se,
991 1202 1120 1271 millust
1134 1208 1204 1270 tam
1218 1205 1316 1291 parui
1330 1206 1429 1292 preti,
1477 1226 1511 1273 eo

309 1392 311 1396 ,
383 1320 486 1406 quim
507 1321 644 1407 pudeat,
666 1321 749 1406 quin
770 1318 894 1406 purget
915 1340 997 1387 sese.
1025 1318 1115 1387 mine
1136 1324 1173 1387 te
1194 1326 1354 1407 optestor,
1377 1321 1511 1408 Eucli0,

299 1444 358 1524 785
383 1440 423 1509 uit
437 1442 465 1508 si
481 1442 564 1526 quid
578 1462 641 1527 ego
657 1439 737 1525 ergt
752 1444 787 1506 te
801 1438 986 1523 inprudens
999 1434 1138 1523 piecaui
1152 1442 1213 1505 aut
1226 1438 1364 1523 gnettm
1378 1443 1486 1524 tuam,

383 1559 422 1627 ut
436 1560 519 1625 mihi
533 1561 695 1645 ignoscas,
711 1558 852 1644 tamque
866 1578 1010 1624 uxorem
1025 1554 1107 1621 mihi
1123 1556 1191 1639 dee,
1206 1560 1247 1623 ut
1260 1555 1351 1641 leges
1367 1556 1502 1625 iubent.

385 1679 447 1763 ego
468 1700 523 1745 me
544 1677 701 1744 iniuritm
722 1677 843 1744 fecisse
864 1675 956 1742 tiliae
977 1673 1087 1742 fatetr
1108 1679 1189 1742 tuae

385 1799 515 1867 Cereris
536 1798 670 1883 uigiliis,
687 1820 749 1885 per
768 1798 887 1864 uinum
908 1801 1012 1881 atque
1033 1795 1172 1882 inpulsu
1193 1793 1453 1863 adulescentiae.
1479 1815 1512 1873 ⁰2⁵

825 1916 975 1983 Evemo.

384 2032 416 2102 ei
437 2034 530 2117 mihi,
551 2034 645 2121 qued
665 2034 795 2102 ficiuus
817 2055 863 2101 ex
883 2038 920 2102 te
940 2055 1005 2120 ego
1025 2033 1135 2103 auidio.

798 2154 1008 2224 hcoumue

1157 2299 1218 2346 eur
1239 2278 1366 2347 tiuleei

301 2411 365 2480 790
385 2394 487 2481 quem
509 2415 573 2480 ego
594 2416 694 2463 auom
715 2393 780 2463 feel
800 2394 870 2463 iam
890 2399 931 2464 ut
952 2417 1043 2464 esses
1064 2395 1149 2464 iiliei
1169 2396 1309 2483 nuptiis.

385 2511 465 2580 ntm
479 2516 539 2579 tua
552 2517 656 2598 gnata
669 2511 802 2599 pipen't
816 2513 959 2581 decumo
972 2513 1087 2581 minse
1101 2518 1198 2599 post:
1221 2512 1400 2581 numerum
1416 2534 1514 2600 cape.

386 2634 426 2701 te
446 2655 484 2701 re
504 2633 683 2721 repudium
703 2634 834 2702 remisit
855 2634 1042 2701 iuoueulue
1063 2634 1165 2701 caulei
1186 2655 1271 2701 mea.

385 2752 397 2820 i
419 2754 518 2838 intro,
540 2775 720 2841 exquaere,
741 2752 829 2822 sitne
850 2754 900 2822 ita
920 2757 960 2821 ut
982 2774 1045 2838 ego
1066 2751 1235 2838 praedico.
1479 2770 1511 2817 ιο

828 2872 974 2939 Evemo.

1164 3021 1167 3028 ·
1207 2989 1293 3078 perii
1315 2988 1454 3076 tppido.

385 3111 435 3181 ite
456 3112 539 3179 mihi
560 3112 605 3179 ad
625 3110 751 3178 malum
772 3110 881 3179 malae
902 3132 956 3178 ree
976 3111 1153 3198 pluitumae
1174 3131 1211 3179 se
1231 3108 1457 3195 adglutinant

301 3247 361 3316 795
387 3231 444 3300 ibo
465 3232 565 3314 iutro,
587 3237 627 3298 ut
648 3229 731 3317 quid
753 3229 854 3296 huius
875 3231 921 3297 rei
942 3229 988 3299 sit
1008 3231 1120 3298 sciam.

799 3349 1009 3417 Iucoumue

1115 3473 1183 3540 iam
1204 3470 1238 3540 ti
1260 3492 1393 3557 sequor.

387 3589 471 3656 haee
491 3587 737 3675 pripemedum
757 3589 825 3657 iem
847 3611 921 3659 esse
943 3590 979 3658 in
1000 3592 1090 3660 uado
1112 3591 1230 3659 salutis
1251 3612 1305 3658 res
1326 3591 1475 3659 uidetur.

385 3731 477 3777 nuno
491 3708 624 3777 struem
638 3731 711 3777 esse
726 3712 786 3779 ubi
801 3712 911 3779 dicim
926 3736 1039 3781 meum
1053 3712 1247 3797 Strobilum,
1261 3733 1330 3780 non
1344 3711 1487 3798 reperio.

386 3827 452 3893 nisi
474 3824 575 3892 itiam
597 3827 652 3893 hie
674 3828 832 3913 opperiir
853 3834 967 3897 temen
988 3829 1168 3917 paulisper,
1191 3834 1311 3916 postea
1331 3827 1424 3896 intro
1475 3846 1506 3895 ue
1542 3855 1551 3876 ·

301 3978 385 4047 pretii
397 3993 426 4042 γε
445 3977 481 4029 de
492 3975 517 4030 J
530 3977 596 4029 uide
609 3976 650 4028 ad
664 3993 692 4029 u.
705 3981 763 4036 774.
836 3983 886 4038 784
905 3999 988 4051 quom
1009 3985 1141 4053 Bottiue,
1161 3992 1218 4052 que
1235 3981 1267 4051 J,
1286 3998 1327 4040 un
1343 3998 1367 4050 γ,
1384 3982 1454 4051 quin
1465 3979 1506 4039 Β.

300 4065 426 4119 obtestor
437 4057 600 4128 utnon-1.
665 4063 716 4120 785
729 4063 771 4119 uti
779 4064 820 4134 Β,
829 4070 861 4120 ut
871 4065 921 4137 ὔγ,
929 4070 1065 4125 Brieiue.
1088 4070 1112 4124 si
1122 4070 1197 4125 deest
1208 4071 1242 4125 in
1252 4043 1307 4136 Ji
1324 4067 1363 4139 qd
1372 4069 1413 4122 ie.
1426 4068 1507 4164 ‹puod

300 4157 332 4216 J.
358 4172 409 4225 ego
418 4173 511 4225 supra
520 4155 627 4212 lineam
634 4157 768 4213 additum
775 4159 808 4214 in
815 4161 855 4231 B,
863 4162 896 4216 in
909 4169 987 4218 textu
997 4165 1099 4220 liabent
1110 4162 1159 4230 ιῐγ.
1231 4167 1282 4225 786
1293 4162 1375 4219 michi
1386 4170 1414 4218 et
1427 4183 1458 4221 m
1472 4162 1506 4221 J.

301 4244 398 4298 iubent
408 4240 441 4311 J,
453 4249 510 4298 tres
517 4243 597 4299 Pau.
630 4242 744 4302 iubeant
755 4245 788 4305 B
802 4265 868 4304 cum
884 4252 989 4308 oetaeis.
1025 4253 1058 4307 in
1073 4250 1098 4309 J
1112 4251 1248 4305 uocatuli
1264 4251 1356 4306 wilm
1372 4250 1431 4319 imi
1448 4268 1506 4306 non

297 4332 402 4402 potuit.
475 4333 525 4390 787
544 4331 616 4387 filiae
635 4332 732 4389 fecisse
751 4335 832 4407 libri,
847 4345 1088 4408 transposuerunt
1103 4338 1165 4393 edet
1238 4342 1288 4397 788
1305 4337 1456 4408 impulsum
1472 4337 1504 4408 J,

298 4417 350 4472 ted
362 4433 390 4471 m
402 4415 498 4484 finale
513 4433 639 4472 eratum.
674 4417 877 4478 adolescentiae
888 4421 938 4489 ὗγ.
1009 4426 1059 4482 789
1072 4421 1194 4489 ΕἱΒῦγ.
1229 4439 1279 4477 eur
1290 4421 1377 4477 eiuias
1395 4420 1429 4479 Β
1440 4430 1506 4479 ante

300 4529 382 4581 corin,
403 4529 489 4566 curre.
508 4512 525 4566 i.
545 4513 606 4567 uias
623 4511 672 4580 ιῐγ,
690 4530 740 4569 eur
757 4534 857 4572 renuas
877 4534 978 4585 marqo
997 4534 1021 4583 γ.
1126 4519 1178 4576 790
1195 4534 1276 4572 auom
1295 4514 1361 4584 Rs,
1380 4501 1463 4572 auem
1480 4532 1504 4582 γ.

300 4597 373 4650 filiae
385 4595 467 4663 Βιῐγ,
478 4596 544 4650 filiai
557 4597 692 4666 Gemitu.
758 4605 806 4660 791
826 4619 933 4670 cupere,
944 4604 1071 4671 accipere
1073 4643 1136 4659 ......
1139 4604 1314 4659 Plautmin
1326 4603 1504 4660 Attulimus

300 4695 364 4732 nem
382 4683 431 4732 tue
450 4682 535 4748 gnata
554 4683 663 4751 peperit
682 4683 789 4740 decimo
807 4689 860 4740 ete.
894 4686 1012 4741 Nonius
1032 4701 1091 4758 254,
1112 4706 1152 4744 10.
1231 4693 1279 4749 791
1299 4689 1461 4744 euomeulue
1472 4687 1503 4746 J.

301 4766 352 4822 792
371 4763 456 4817 Intro.
476 4781 596 4834 exquere
617 4769 694 4824 sinne
712 4769 744 4827 J.
787 4771 858 4825 Iub
879 4771 973 4826 altera
995 4773 1111 4828 domm
1133 4792 1227 4830 manu
1248 4775 1383 4829 additum
1407 4775 1443 4830 in
1465 4776 1505 4832 Β.

299 4863 437 4917 exqueere
451 4864 475 4916 γ,
487 4849 542 4903 alii
560 4851 632 4906 libri
650 4871 704 4910 ree.
739 4871 877 4925 exqueero
895 4856 1023 4912 Plautus
1040 4860 1119 4914 discit
1137 4861 1172 4914 in
1191 4859 1371 4916 Aulularia:
1395 4859 1411 4915 Ι
1432 4860 1506 4917 iutro

300 4953 439 5006 exquaere
450 4943 496 4991 etc.
509 4937 689 4996 Priscianus
698 4942 793 4997 initu
809 4955 850 5012 51.
886 4944 1002 5013 exquire
1013 4944 1053 5000 Β.
1124 4949 1175 5005 794
1186 4945 1321 5016 plun'mue
1332 4944 1382 5013 ιῙγ.
1455 4950 1505 5006 795

296 5020 381 5090 ΔΙιιιὶιιιι
403 5020 463 5078 ueri
485 5020 526 5093 Β,
548 5023 629 5088 huius
651 5042 687 5082 ue
709 5026 734 5082 ei
755 5026 805 5097 ῦγ,
828 5031 1012 5095 &nandulum
1028 5037 1074 5090 ut
1095 5032 1131 5092 in
1153 5033 1222 5089 Pul.
1245 5034 1347 5102 quinto
1368 5040 1397 5089 ot
1422 5033 1506 5091 Guel-
