3300 6050
146 798 202 854 111.
215 799 374 870 sir-er]
633 801 872 883 Avnvnnarn.
1303 818 1348 890 51
1394 765 1398 772 ⁵

144 997 203 1066 515
229 991 290 1054 eut
311 976 425 1072 ilique
446 985 535 1053 mola
556 1007 642 1053 crux
663 987 796 1074 semper
817 995 871 1058 est
891 1012 979 1076 quae
1000 992 1128 1080 aliquid
1149 997 1253 1080 petat
1373 1013 1380 1026 ·

670 1108 819 1175 Erana.

227 1225 414 1312 conpellem
435 1247 499 1310 ego
520 1225 625 1310 illum,
649 1225 684 1292 ni
706 1232 857 1294 metuam
878 1249 922 1295 ne
944 1227 1078 1298 desinat

226 1346 416 1413 memorare
437 1366 548 1413 mores
570 1345 769 1415 milierum:
800 1370 891 1415 nuno
912 1348 960 1417 sie
982 1350 1098 1418 sinam.
1316 1368 1348 1415 eo

623 1465 864 1534 Mnannonvs

225 1587 285 1654 ubi
305 1586 507 1672 nigiuendis
529 1585 583 1654 res
605 1587 750 1655 solutast
772 1587 937 1672 omnibus,

168 1760 174 1772 .
223 1704 272 1770 ibi
294 1704 338 1772 rid
359 1710 567 1790 postremum
590 1705 680 1772 cedit
700 1706 804 1789 miles,
828 1704 885 1773 aes
907 1708 1002 1792 petit

140 1834 204 1901 520
225 1821 301 1905 iter,
322 1828 464 1909 putatur
485 1823 573 1891 nitio
595 1846 672 1892 eum
693 1824 905 1910 argentino:

224 1939 319 2008 miles
340 1942 519 2029 inpransus
542 1942 640 2028 estet,
661 1964 718 2010 aes
741 1942 856 2011 censet
878 1944 961 2011 dari.

224 2059 283 2126 ubi
305 2060 511 2147 disputatast
532 2061 620 2130 nitio
642 2084 719 2131 oum
741 2063 943 2149 argenteria,

142 2185 153 2198 ‘
223 2198 299 2261 spes
321 2178 522 2265 prorogatur
542 2181 642 2250 militi
663 2182 699 2250 in
721 2182 825 2250 alirim
846 2184 945 2251 diem.

222 2298 306 2367 haee
327 2299 406 2369 erint
426 2306 530 2387 atque
551 2304 638 2373 aliae
659 2305 787 2374 miltes
807 2306 845 2372 in
865 2305 998 2391 magnis
1020 2304 1156 2374 datibus

138 2432 198 2499 525
223 2418 513 2489 inctmmoditates
535 2422 756 2510 erimptusque
777 2422 1016 2492 intolertbiles.
1119 2447 1126 2458 ·

221 2559 300 2605 nam
321 2561 409 2624 quae
431 2539 624 2627 indotatast,
648 2542 688 2611 es
709 2544 745 2610 in
766 2548 936 2630 potestate
958 2544 1009 2611 esi
1029 2543 1116 2612 uiri:
1311 2561 1341 2607 eo

222 2658 359 2726 dotttae
380 2666 530 2729 mactent
552 2662 586 2730 a
606 2663 696 2731 malo
717 2668 753 2732 et
774 2662 897 2731 damno
918 2664 1019 2731 uiros.

222 2778 283 2844 sed
304 2776 419 2846 lecum
440 2779 587 2847 adfinem
608 2786 688 2849 ante
709 2780 813 2850 aidis.
849 2783 934 2867 quid
955 2783 1036 2868 agis,
1058 2780 1199 2850 Erielioi

136 3012 307 3067 croeotsrnm
327 3017 366 3067 est
384 3011 473 3068 eliam
490 3013 526 3069 ia
544 3014 611 3071 Pal.
630 3015 760 3072 secando.
796 3015 955 3072 ‘infectores
974 3014 1152 3072 coreotarios'
1172 3029 1229 3070 esea
1245 3012 1341 3070 datm

135 3095 242 3151 conieci
252 3097 319 3152 dier.
327 3115 360 3167 p.
375 3112 414 3166 14,
425 3099 591 3166 aasremaa
602 3101 715 3155 remaai
726 3099 793 3156 iaia.
801 3116 833 3168 p.
846 3116 887 3155 21.
979 3106 1104 3156 ceterum
1121 3099 1177 3154 lua
1193 3098 1262 3153 laea
1274 3113 1342 3166 per·

134 3180 225 3234 tinent
247 3181 329 3236 Noni
352 3183 524 3240 testimonia.
578 3185 717 3255 ‘Limera
741 3191 773 3239 ut
802 3186 973 3240 adnotatum
1002 3183 1178 3253 iaueaimue,
1201 3180 1341 3237 muliebre

133 3266 343 3337 uestimentum,
354 3269 430 3336 quod
434 3273 607 3340 purpuram
619 3270 653 3324 ia
665 3271 724 3325 imo
736 3270 825 3325 labat.
862 3270 991 3324 Plautus
1002 3269 1037 3323 ia
1045 3267 1208 3324 Aulularia
1216 3269 1339 3322 textores

132 3349 278 3406 limbolsrii
289 3351 427 3408 eleuterii!
445 3367 505 3424 541,
517 3369 559 3423 27·
594 3356 725 3424 ‘aerata
738 3356 828 3411 crocei
843 3355 1047 3411 colorirrastis.
1083 3355 1210 3410 Plautus
1227 3356 1259 3410 ia
1276 3357 1340 3412 Au-

133 3434 262 3492 lularia:
287 3451 350 3492 oum
367 3435 519 3495 incendunt
535 3437 682 3496 infectores
700 3440 860 3495 crocotariil
879 3455 938 3510 549,
956 3440 998 3495 26.
1085 3444 1136 3494 516
1154 3438 1339 3508 conpellsrem

133 3522 211 3590 rare,
223 3523 349 3578 corrasit
359 3524 519 3582 Acidaliae.
597 3532 649 3582 518
667 3525 848 3594 Nugiuendos
861 3525 988 3579 Plautus
999 3523 1060 3578 dici
1074 3522 1168 3577 uoluit
1184 3539 1279 3578 omues
1295 3541 1341 3580 eos

133 3606 184 3675 qai
207 3606 323 3675 aliquid
343 3609 515 3665 mulieribus
532 3611 667 3665 sandari.
715 3626 787 3664 uara
809 3609 909 3662 omnia
926 3608 1028 3677 quitus
1047 3613 1196 3660 matronae
1214 3612 1341 3661 utantur

132 3706 225 3760 arcear
243 3692 337 3748 uoluit
356 3695 510 3764 aepulari.
545 3694 674 3750 Plautus
691 3694 726 3748 ia
743 3692 922 3749 Aulularia:
940 3691 989 3745 nbi
1005 3689 1170 3760 nuginendis
1187 3707 1231 3746 res
1249 3691 1341 3746 solute

133 3782 178 3834 est
198 3780 329 3838 omnibus
364 3781 483 3839 Nonius
497 3798 554 3854 144,
567 3799 609 3853 30.
685 3779 854 3852 nugigerulis
872 3780 942 3836 litii
961 3779 1101 3835 Plautini
1120 3778 1259 3845 meliores,
1278 3778 1339 3833 aiei

133 3867 208 3934 quod
218 3868 483 3939 nugigemlusBas.
589 3867 893 3940 nugiuendisrecarr.
906 3871 931 3920 et
947 3865 1001 3919 alii
1019 3863 1155 3920 libriree.
1248 3862 1339 3931 solnta

134 3940 238 4017 ester.
308 3959 360 4010 519
380 3955 488 4021 Quaere
499 3957 648 4012 adtributa
665 3961 728 4029 arat
742 3952 870 4022 pannea
888 3959 922 4006 ut
939 3951 1033 4006 militi
1050 3951 1210 4020 redderent,
1224 3948 1337 4006 tribuni

133 4037 246 4092 aerarii
269 4038 349 4108 dieti,
370 4038 404 4094 iol
426 4041 503 4109 quod
525 4042 710 4097 adtributum
730 4046 801 4108 aral,
819 4054 867 4094 aas
888 4037 1027 4094 militare.
1061 4037 1113 4092 tae
1134 4042 1175 4093 ast
1196 4035 1272 4105 quod
1294 4033 1338 4088 ait

135 4121 264 4176 Plautus
281 4121 357 4176 cedit
373 4123 459 4194 miles,
478 4142 525 4181 ses
542 4126 622 4197 petit.
664 4125 759 4180 Varro
777 4124 811 4178 da
828 4123 847 4179 l.
859 4122 877 4178 l.
889 4137 915 4178 v.
932 4123 978 4177 181
997 4138 1030 4190 p.
1043 4137 1077 4190 70
1086 4137 1117 4176 n.
1206 4118 1335 4189 cedis-1,

133 4206 209 4261 cedit
219 4205 264 4275 (ia
280 4208 412 4276 maraine
427 4209 513 4280 cedis)
525 4227 550 4276 γ.
645 4206 833 4265 teoracia-1.
915 4216 1029 4277 putare,
1041 4208 1338 4277 conl-iaaraeaafarre.

133 4293 259 4348 Plautus
271 4294 306 4349 ia
317 4295 497 4351 Aulularia:
523 4299 579 4366 tur,
590 4299 706 4369 putatur
723 4294 796 4349 ratio
816 4309 880 4348 eum
896 4292 1060 4361 argentario.
1094 4292 1210 4346 Nouius
1221 4293 1281 4360 369,
1298 4307 1337 4360 17.

132 4383 183 4431 521
210 4376 304 4432 adstat
320 4375 352 4434 J.
492 4395 539 4435 aes
553 4381 626 4448 fluit
649 4393 769 4433 aereum
792 4376 825 4430 ia
849 4374 930 4444 BJr,
956 4376 1057 4431 Censet
1080 4390 1191 4428 aeuum
1214 4374 1337 4431 incolat.

134 4466 187 4516 522
204 4461 260 4516 Ubi
273 4462 417 4533 disputata
429 4464 473 4518 est
483 4461 532 4533 Jr,
544 4471 570 4520 et
582 4466 614 4520 ia
634 4462 691 4521 Ba
702 4477 804 4517 aereus
822 4460 864 4515 sic
873 4460 993 4528 finitur,
1004 4465 1037 4513 ut
1054 4458 1201 4526 insequens
1212 4456 1338 4524 incipiat

134 4548 219 4604 Ratio
238 4549 291 4618 (rie
310 4549 351 4619 B,
364 4550 450 4605 Recio
468 4550 503 4620 J)
523 4558 549 4606 et
563 4552 711 4607 concludat
727 4546 891 4618 argentario.
960 4548 1012 4598 522
1024 4550 1090 4613 post
1107 4543 1183 4597 tuna
1200 4541 1234 4595 ia
1250 4540 1336 4597 libra

129 4633 240 4701 leaitar
249 4634 297 4688 la'e
306 4651 407 4690 rursus
419 4636 508 4695 Etiam
520 4637 582 4707 plus
593 4638 668 4708 ipsus
681 4631 820 4707 (ipsius-1)
832 4631 905 4687 ultro
917 4629 1002 4686 debet
1013 4629 1169 4700 argentone
1180 4634 1338 4698 eapuaaus

132 4717 307 4786 reaperrime
325 4736 345 4773 a
363 4720 477 4792 Brieio,
497 4724 547 4780 sal
566 4725 629 4779 iam
649 4724 730 4778 tacite
750 4723 871 4777 omissus
890 4735 909 4774 a
929 4717 1106 4773 (lamerario.
1140 4717 1214 4772 abael
1230 4732 1300 4771 uero
1316 4734 1336 4773 a

132 4801 316 4858 tribraaocld.
334 4803 507 4875 Hilduardi.
597 4816 648 4866 626
666 4806 915 4878 Naquffindotsto
927 4799 1013 4859 eas.
1099 4804 1149 4862 527
1168 4799 1335 4870 damnoBr,

132 4887 303 4959 dompno-1.
382 4903 510 4951 matare
528 4897 604 4952 malo
623 4896 743 4964 adficere
760 4893 910 4962 merificat.
945 4887 1141 4945 Plautus...ia
1157 4887 1335 4942 Aulularia:

131 4973 371 5115 dogatesmeetent
392 4983 422 5036 et
439 4981 513 5038 melo
533 4983 565 5038 et
581 4981 777 5038 damnouiros.
811 4977 928 5037 Nouius
940 4990 999 5047 342,
1012 4977 1038 5033 8.
1108 4980 1159 5032 528
1176 4989 1269 5030 eeeom
1286 4972 1336 5032 Bl

129 5072 147 5126 l
186 5073 215 5114 0³
251 5077 276 5125 Υ·

1187 5170 1239 5226 Ei

1183 5390 1313 5430 Α
