3300 6050
172 788 230 844 111.
250 795 273 845 s.
293 786 417 859 12-2³.]
658 788 897 849 srnvnsmn.
1331 800 1379 872 53

171 984 236 1051 540
259 973 327 1038 tam
348 970 414 1038 hoc
435 970 500 1038 soit
520 992 576 1039 me
597 970 723 1039 habere
745 995 848 1059 quam
870 974 1024 1062 tgomet:
1053 998 1139 1046 anus
1157 976 1238 1046 fecit
1259 977 1381 1063 palam.

653 1092 896 1164 Mnesnonvs.

256 1205 341 1290 quid
362 1204 401 1273 tri
421 1210 458 1274 te
479 1204 571 1275 solus
592 1204 611 1275 6
633 1214 755 1277 senatu
775 1211 938 1283 stuocast

700 1329 850 1397 Evcnro.

255 1440 314 1528 pol
336 1440 399 1527 ige
420 1447 457 1513 te
477 1448 518 1512 ut
539 1444 761 1530 accussdrem
783 1447 981 1516 meditabtr.

658 1565 897 1635 Msosnonvs

968 1686 1053 1771 quid
1074 1691 1146 1757 esti

701 1803 852 1873 sveno.

257 1917 341 2001 quid
362 1917 407 1986 sit
426 1939 482 1986 me
503 1919 639 2006 rogitas,
661 1920 721 2007 qui
742 1922 827 1989 mihi
849 1923 958 1990 omnis
980 1922 1124 2009 ungulos
1349 1943 1377 1990 rs

255 2036 369 2103 furum
391 2036 564 2125 inpleuisti
585 2040 622 2107 in
644 2039 784 2108 utdibus
805 2039 928 2107 miserti
950 2041 1079 2108 mihi-

171 2166 231 2235 545
256 2153 316 2239 qui
337 2154 383 2220 mi
405 2154 495 2223 intro
516 2157 610 2225 misti
631 2157 668 2226 in
688 2157 782 2225 aedis
804 2156 1007 2243 quingentos
1029 2177 1157 2243 coquos

256 2293 334 2341 cum
356 2272 444 2341 sinis
465 2275 632 2359 manibus,
653 2273 777 2360 ginere
799 2274 1026 2361 Geryontceo.

256 2411 342 2475 quos
363 2392 393 2459 si
413 2388 534 2477 'Argus
556 2396 679 2477 seruet,
702 2392 762 2478 qui
785 2390 922 2460 douleus
943 2392 1037 2461 totis
1057 2393 1133 2479 fuit,

256 2507 371 2595 (quem
392 2509 564 2595 quindam
585 2510 661 2579 Ioni
682 2510 768 2578 Iino
790 2512 965 2581 custodem
986 2512 1132 2598 iddidit)
1346 2532 1378 2582 eu

256 2629 286 2695 is
307 2626 493 2715 nimquam
514 2636 637 2699 seruet
664 2632 841 2719 pratterea
861 2633 1043 2703 tibicenam

171 2760 188 2829 5
194 2761 236 2829 50
257 2766 345 2832 quae
365 2744 413 2812 mi
434 2744 640 2817 interbibere
661 2748 741 2836 sola,
764 2750 794 2818 si
815 2750 896 2818 nimi
918 2755 1039 2836 scatat

258 2865 528 2935 Corinthiensem
548 2868 678 2938 fdntem
700 2869 858 2937 Piremtm
878 2875 1001 2957 potest

170 3059 223 3112 539
240 3053 323 3110 michi
340 3053 374 3112 J.
455 3060 507 3112 540
527 3055 573 3114 hic
591 3058 671 3118 Pati.
690 3058 755 3114 dui.
837 3063 888 3114 541
907 3060 1019 3113 senatus
1038 3072 1137 3112 eneces
1151 3054 1191 3125 B,
1203 3071 1316 3112 seuoces
1337 3056 1378 3110 ari

170 3157 262 3195 uam.
331 3145 383 3195 542
399 3147 510 3196 secutus
527 3159 592 3197 sum
612 3143 765 3198 Brinium.
800 3145 832 3198 te
849 3145 883 3198 ut
901 3156 1041 3198 seeussem
1058 3140 1194 3210 (accusem
1212 3139 1265 3211 Jr)
1277 3140 1376 3196 merita

170 3224 327 3280 meditabar
337 3224 419 3294 Bri.
452 3225 562 3296 polege
579 3230 612 3283 ut
629 3231 659 3283 te
677 3244 802 3284 accusem
817 3228 948 3287 meditor.
982 3230 1057 3285 Mus.
1070 3245 1151 3284 mene
1169 3230 1219 3284 tut
1237 3226 1306 3299 quid
1316 3228 1378 3283 esti

169 3309 325 3365 Acidaiius
336 3311 488 3379 inaeniosa.
523 3319 649 3368 cetarum
667 3314 701 3368 in
718 3312 750 3369 B
762 3314 832 3384 (non
849 3315 883 3368 in
898 3312 952 3382 ιῐγ)
964 3313 1123 3369 Meditabar
1132 3329 1242 3368 nauum
1259 3309 1397 3367 uersum'

170 3395 287 3464 incipit,
306 3396 381 3450 unda
396 3396 525 3462 sortasse
543 3413 602 3452 non
620 3398 703 3453 nulia
721 3398 901 3454 intercidisse
921 3398 1051 3453 unicias.
1157 3403 1209 3452 545
1235 3396 1284 3466 qui
1309 3395 1378 3450 mihi

171 3478 266 3549 (michi
276 3477 312 3549 J)
324 3478 499 3535 intromisisti
515 3479 545 3534 in
560 3481 675 3537 sedibus
693 3480 774 3551 Bm,
787 3482 937 3538 intromisti
952 3482 1022 3537 Pu.
1035 3481 1182 3550 secundus,
1194 3477 1332 3534 immisisti
1348 3481 1378 3535 in

171 3574 256 3630 aedes
274 3573 354 3629 Pali.
365 3573 458 3630 catari.
531 3579 583 3630 546
601 3591 770 3644 gerronsceo
785 3574 867 3642 BJr.
953 3579 1004 3633 547
1023 3575 1151 3629 occuleus
1169 3573 1210 3645 B,
1222 3555 1349 3668 oculissi.

172 3672 288 3741 ‘Araus
299 3672 440 3728 oculeus?
456 3674 558 3743 Araus
570 3690 673 3728 nonun
684 3680 724 3728 cst
735 3674 862 3729 bominis
873 3672 1256 3742 quisuisscflnqituraudis
1263 3673 1378 3741 planus.

172 3758 288 3814 Paulus
299 3758 448 3814 Diaconos
461 3759 817 3829 paenitentiarum
828 3759 939 3815 rettulit
952 3760 983 3815 O.
996 3755 1128 3828 Miller).
1163 3757 1245 3827 apuu
1259 3757 1377 3811 Festum

167 3863 200 3916 p.
215 3845 265 3912 178
275 3860 305 3901 u
328 3845 397 3900 baec
408 3853 476 3900 sunt
488 3845 581 3902 ‘idem
590 3845 648 3918 [ia.
668 3845 795 3916 Plautus]
806 3846 878 3902 abbi
889 3845 1027 3900 oculstum
1039 3843 1123 3899 Ar...'
1135 3859 1224 3897 uersu
1239 3858 1301 3896 una
1311 3857 1377 3895 cunr

172 3935 300 4004 sequenti
317 3936 415 3990 utitur
432 3934 611 3990 Priscianus
628 3933 694 3988 inst.
707 3947 745 3988 vu
761 3934 800 3987 18.
870 3936 923 3987 548
940 3930 976 3984 in
994 3946 1011 3984 o
1026 3929 1202 3998 productam
1219 3926 1378 3983 desinentia

174 4021 285 4076 Graeca
297 4019 524 4087 suntfemininu
535 4026 561 4081 et
572 4019 620 4074 uel
633 4018 741 4074 Gracco
756 4012 949 4085 declinantur,
962 4021 994 4069 ut
1011 4014 1126 4069 ‘Manto
1142 4012 1273 4068 Mantus'
1283 4011 1380 4066 --ucl

171 4108 276 4163 addita
286 4106 359 4161 ‘nis'
371 4106 490 4176 faciunt
502 4106 675 4177 aenetiuum,
686 4112 720 4160 ut
738 4104 830 4159 ‘Dido
848 4100 991 4157 Didonis!
1002 4099 1125 4155 Accitis:
1149 4097 1312 4154 ‘Custodem
1330 4095 1379 4152 sd-

173 4191 283 4247 siduom
307 4191 369 4247 Ioni
388 4191 518 4262 adposuit
539 4191 652 4261 uirgini'
654 4233 718 4246 ......
720 4191 850 4245 Plautus
872 4188 907 4242 in
929 4185 1109 4241 Aulularia:
1137 4184 1212 4248 Quos
1235 4184 1259 4237 si
1284 4183 1378 4252 Argus

173 4279 268 4332 seruet
286 4276 334 4346 qui
355 4277 467 4332 oculeus
485 4278 563 4331 totus
580 4276 642 4346 fuit,
661 4275 749 4341 Quem
768 4271 907 4343 quondum
927 4267 990 4323 Ioni
1008 4268 1080 4321 Iuno
1098 4265 1240 4320 custodem
1261 4265 1378 4321 addidit

172 4360 350 4416 Priscianus
367 4361 434 4416 inst.
455 4374 493 4415 vr.
519 4360 557 4414 18.
598 4360 675 4415 Ioui.
692 4359 821 4414 Plautus
841 4351 1021 4409 Aulularia:
1050 4349 1139 4413 Quem
1162 4347 1303 4415 quondum
1324 4352 1378 4405 etc.

172 4445 291 4502 Nonius
312 4448 374 4519 487,
401 4447 441 4501 18.
484 4461 634 4501 uersuma
658 4445 756 4500 lectore
778 4439 967 4511 arammatico
990 4434 1125 4490 additum
1147 4448 1203 4486 assa
1221 4438 1301 4500 puto,
1325 4433 1378 4500 qui

171 4549 273 4588 uersus
283 4533 409 4588 Acciani
420 4530 600 4589 meminisset.
635 4533 743 4586 isauro
761 4534 838 4584 octat
858 4525 941 4594 apua
958 4520 1140 4578 Rtbtaclrium
1156 4518 1241 4587 Traq.
1254 4516 1302 4572 iat.
1315 4516 1377 4572 rell.

167 4632 201 4686 p.
215 4628 273 4684 157.
308 4617 377 4672 uida
388 4617 456 4672 diss.
465 4634 497 4686 p.
512 4631 552 4673 11.
622 4622 674 4672 549
692 4612 899 4677 tibicinam-17:
917 4609 990 4676 55511
1003 4609 1043 4662 ad
1052 4623 1081 4661 5.
1093 4619 1153 4675 279.
1213 4619 1330 4674 preterea
1338 4601 1378 4659 B.

171 4707 226 4758 550
244 4700 376 4773 miehi-1,
399 4703 466 4758 mihi
489 4703 546 4773 Βγ,
569 4702 608 4758 mi
631 4701 765 4757 Botbius.
799 4700 889 4754 scatet
911 4695 951 4765 B,
969 4694 1028 4748 duo
1048 4691 1127 4747 Pali.
1151 4695 1177 4745 at
1199 4687 1249 4757 ιῐγ,
1272 4691 1379 4745 scateat

172 4789 311 4844 Donatus
322 4789 365 4844 tis
380 4795 405 4844 ct
425 4805 474 4844 sen
485 4789 561 4845 codd.
573 4786 746 4855 Hilduardi,
759 4786 849 4841 scatet
869 4781 1033 4837 Lambinus.
1092 4782 1142 4832 551
1163 4774 1384 4831 ‘interminatus

170 4871 251 4927 tum’
271 4889 330 4942 pro
349 4874 492 4929 ‘minatus
510 4873 593 4929 sum?
639 4871 767 4927 Phautus
784 4870 819 4924 in
838 4865 1000 4923 Aulidaiia
1022 4860 1201 4934 [interbibere
1224 4859 1303 4914 dicit
1320 4873 1380 4925 pro

171 4958 266 5014 bibero
277 4960 312 5015 in
323 4960 380 5031 bis]
392 4964 538 5033 praeterea
548 4959 698 5026 tibicinam,
710 4972 782 5028 quse
798 4955 865 5011 mihi
884 4951 1055 5010 interbibere
1071 4948 1136 5017 sols,
1149 4947 1172 5002 si
1182 4946 1247 5001 uina
1264 4944 1379 5013 scateat,

172 5041 395 5102 Corinthiensem
406 5044 512 5103 fantem
530 5047 561 5104 et
579 5045 751 5116 Pyrenaeum
769 5042 871 5113 potest
906 5039 1037 5097 Donatus
1053 5033 1095 5090 ad
1115 5031 1179 5090 Ter.
1189 5028 1285 5087 Andr.
1297 5039 1341 5082 nr
1353 5041 1380 5095 2,
