3300 6050
272 776 380 853 I'xviii
544 754 549 766 ’
733 789 1032 850 Iuraouuouou.

277 985 538 1047 adtribrrctrrtorio
551 985 615 1057 BJ.
738 992 885 1066 rpeoaetor
897 985 939 1061 B,
953 1006 1002 1046 me
1016 992 1114 1045 castor
1132 986 1166 1057 J.
1292 978 1349 1045 172
1364 977 1485 1045 dictura

278 1122 310 1162 ec
441 1101 499 1162 173
529 1107 650 1160 uertant
671 1103 712 1175 B,
735 1106 861 1161 uortaut
879 1100 914 1171 J.
1039 1101 1100 1163 175
1113 1100 1211 1178 ploret
1229 1120 1311 1159 ncnc
1331 1098 1365 1159 61
1387 1100 1485 1159 Ktetti

278 1206 451 1292 caractere,
466 1219 566 1278 Exere.
585 1218 647 1278 Ter.
661 1239 690 1296 p.
708 1218 762 1278 216
784 1218 836 1277 eod
850 1237 952 1277 eccum
970 1216 1065 1276 uideo.
1107 1216 1207 1276 niscio
1224 1216 1305 1275 uude
1318 1216 1379 1274 aiae
1391 1216 1484 1274 homo

278 1332 383 1409 recipit
396 1332 525 1390 domum.

341 1566 456 1625 Evcuo
477 1564 671 1624 Muoanoavs
692 1564 795 1623 Suuux
816 1564 888 1623 Dvo
1021 1563 1079 1623 176
1101 1584 1169 1623 cum
1261 1562 1297 1621 de
1317 1569 1486 1621 correctura

279 1688 542 1749 sacramentor
555 1688 634 1747 iiiiii
646 1688 813 1748 adactauit.
950 1686 1007 1748 179
1026 1687 1107 1751 (1οωί
1126 1692 1172 1745 est
1295 1686 1352 1744 180
1374 1684 1486 1743 Saluua

283 1812 339 1869 182
368 1810 561 1868 temerarium
586 1815 631 1868 eet
754 1808 813 1867 184
841 1808 924 1865 haud
951 1826 965 1866 6
988 1804 1103 1865 cilentio
1228 1805 1285 1863 186
1314 1804 1413 1882 priam
1438 1812 1486 1865 eat

282 1942 339 2004 187
373 1942 430 2001 cui
456 1962 470 2001 e
497 1940 611 2001 61161016
733 1940 871 1999 effodiam
896 1959 911 1998 e
935 1937 1052 1998 eitentio
1207 1938 1263 1997 189
1294 1937 1485 1997 inlocabilem

283 2058 341 2118 190
365 2057 502 2134 cuiquam
526 2055 676 2114 6611616116
822 2053 878 2111 191
906 2040 1047 2111 adiubai'c
1141 2071 1216 2129 opua
1243 2058 1289 2111 eet
1425 2054 1484 2113 192

280 2191 350 2230 cum
514 2169 571 2229 194
604 2169 746 2228 blandust
910 2166 968 2225 196
1000 2166 1124 2243 polypos
1157 2166 1210 2242 qui
1241 2165 1305 2224 iubi
1337 2166 1487 2244 quidquid

281 2284 444 2362 tetigerint.
569 2280 626 2343 197
642 2281 736 2339 euclio
750 2285 795 2338 eat
809 2277 892 2359 BJy.
977 2279 1035 2338 198
1049 2279 1198 2355 appellare
1212 2299 1226 2337 6
1239 2279 1353 2339 cilentio
1456 2284 1486 2343 ei

283 2409 309 2458 et
330 2397 371 2457 616
395 2406 457 2455 erat
478 2397 683 2456 aeribertdume
708 2395 778 2453 uide
805 2415 905 2453 comm.
1042 2393 1099 2452 199
1123 2393 1199 2451 mihi
1223 2394 1325 2474 (miehi
1346 2393 1384 2476 J)
1402 2395 1487 2456 intua

282 2512 478 2588 harpagatum
492 2515 537 2568 est
655 2508 713 2568 205
734 2507 850 2567 ealuum
864 2513 909 2568 eet
1031 2507 1066 2565 de
1083 2506 1224 2566 certiori
1241 2507 1314 2584 quid
1332 2527 1392 2567 nou
1405 2511 1487 2586 perit

283 2629 352 2688 aide
373 2646 471 2686 comm.
604 2625 664 2683 212
685 2625 758 2681 item
780 2643 905 2701 erpreeee
926 2631 1047 2682 teototcrr
1066 2621 1338 2682 Schwaramarmrta
1380 2623 1487 2683 itidem

283 2739 328 2820 Jy
348 2746 373 2796 et
394 2737 531 2796 editiorrea
705 2736 763 2792 213
784 2736 902 2794 malicia
1065 2734 1124 2792 216
1150 2740 1250 2792 uertat
1275 2732 1315 2806 B,
1337 2739 1442 2791 uortat
1461 2734 1487 2805 J

284 2853 343 2911 218
366 2850 447 2908 Heia
583 2848 663 2906 haud
685 2869 699 2906 6
722 2848 836 2905 sileretio
972 2848 1031 2906 224
1052 2848 1104 2906 ted
1124 2846 1288 2905 1461161166.
1424 2850 1486 2909 225

283 2966 513 3048 pauperrimum.
555 2963 589 3021 in
602 2963 627 3034 J
640 2961 828 3022 1666666661
842 2960 899 3039 2691
916 2982 976 3019 nora
988 2971 1089 3039 potest,
1102 2962 1229 3039 popinae
1247 2962 1380 3038 morqirte
1397 2966 1489 3023 muti·

284 3084 344 3144 tato
465 3080 524 3141 227
539 3100 601 3139 ease
615 3089 682 3139 ante
695 3079 818 3138 asellum
832 3099 893 3137 reon
907 3079 980 3136 decet
998 3078 1032 3136 in
1053 3076 1085 3139 B
1206 3078 1266 3135 228
1284 3078 1380 3136 honus
1400 3079 1492 3141 etiam

285 3196 317 3258 B
400 3195 457 3253 229
473 3193 552 3252 haud
566 3213 580 3252 6
594 3193 708 3252 eileritio
830 3193 890 3251 230
907 3193 975 3250 med
988 3190 1148 3251 Acidaliae.
1273 3192 1331 3248 233
1345 3211 1490 3271 magnum

286 3315 331 3368 est
357 3306 508 3385 periclum.
641 3306 699 3364 234
726 3307 862 3382 proxime
886 3325 900 3363 e
926 3304 1041 3363 61166116
1175 3304 1233 3361 235
1263 3312 1421 3382 optumum
1442 3315 1490 3369 est

286 3423 344 3482 236
359 3442 397 3481 ne
411 3421 478 3479 duis
491 3420 533 3480 ed.
546 3418 650 3494 Amet,
665 3420 707 3479 oct
718 3420 798 3497 quod
814 3420 1077 3480 Sctworamarcrruo
1091 3418 1168 3477 rrilril
1180 3419 1343 3479 adnotaoit.
1385 3431 1492 3484 rtrum

285 3539 360 3596 duas
381 3557 423 3594 are
446 3535 513 3594 duis
532 3535 567 3594 irc
584 3534 609 3604 J
621 3534 720 3611 fuerit
739 3556 800 3596 rore
815 3545 908 3614 potest
933 3536 1083 3609 elicietur
1103 3544 1194 3594 totam
1213 3537 1336 3594 66666666
1354 3539 1493 3613 marpirre

285 3649 420 3711 mutilato
434 3649 595 3709 evanuerit.
610 3649 708 3726 itaque
722 3650 788 3708 duis
801 3649 1113 3709 uidetareeribenctum
1127 3668 1189 3706 ecoe.
1312 3647 1369 3708 237
1386 3649 1493 3711 dotata

286 3771 337 3824 est.
462 3762 522 3820 238
545 3761 698 3818 thesauros
728 3763 775 3820 Iria
799 3764 887 3821 etiam
911 3761 952 3833 B,
983 3761 1105 3819 Grutero
1129 3761 1223 3819 Pareo
1244 3759 1493 3824 Sctworzmarereo

286 3875 401 3934 testituo
522 3870 596 3942 proh
612 3870 752 3926 reiteratio
874 3873 934 3928 240
953 3871 1025 3929 Non
1043 3872 1192 3931 6611661116.
1235 3873 1324 3930 uerbo
1338 3873 1424 3931 Num
1435 3895 1492 3954 ego

287 3982 409 4058 disperii
419 3980 451 4042 B
466 3976 608 4034 adtribuit
617 3978 799 4050 praecedenti
812 3978 921 4036 ueratri.
1049 3983 1107 4039 tibi
1124 3990 1168 4039 eat
1289 3987 1348 4044 242
1362 3986 1435 4045 hinc
1446 3999 1494 4050 est

285 4101 318 4151 ut
331 4098 393 4149 erat
406 4086 595 4147 scribendum.
700 4087 758 4145 243
773 4090 931 4148 cerciorem
1042 4092 1102 4150 244
1117 4093 1175 4161 Qui
1187 4114 1242 4167 pro
1256 4098 1327 4172 quia
1430 4101 1491 4162 245

286 4206 312 4263 11
433 4201 492 4261 247
519 4201 604 4280 illaec
736 4202 795 4262 249
821 4210 858 4262 tu
879 4213 905 4264 et
927 4204 974 4262 uis
998 4205 1033 4263 irc
1054 4205 1149 4262 cuiuis
1173 4210 1325 4264 correctori
1352 4211 1494 4274 debentur

287 4319 344 4379 251
360 4318 595 4378 haudeoiierctio
705 4318 763 4378 252
775 4322 860 4398 eopia
873 4326 918 4379 est
1031 4319 1088 4376 255
1104 4320 1182 4377 istuc
1194 4325 1322 4380 uertant.
1428 4328 1491 4386 256

286 4435 405 4493 afferret
418 4454 432 4494 6
445 4434 560 4492 aiteretio
682 4435 740 4493 258
761 4443 883 4514 pactum
903 4443 949 4496 eat
969 4437 1012 4495 616
1135 4438 1193 4495 200
1215 4457 1289 4494 num
1306 4460 1381 4515 quae
1401 4462 1493 4504 cauea

286 4553 339 4608 est.
421 4546 603 4605 scribendum
623 4555 809 4625 numquaest-
922 4532 1109 4609 2615161116
1229 4552 1307 4610 istuc
1430 4557 1492 4615 262

287 4662 405 4719 Maean
414 4669 541 4736 pereocta
554 4681 656 4720 correo
668 4663 754 4722 initio
770 4664 875 4740 lepitur
887 4664 922 4723 irc
938 4665 979 4734 B,
989 4686 1050 4724 rcere
1062 4665 1097 4724 iri
1109 4665 1142 4736 J.
1267 4667 1326 4724 264
1339 4667 1495 4729 inaudisse

287 4773 375 4832 etiem
386 4773 425 4835 B.
543 4774 723 4837 thesaurum.
848 4779 906 4837 264
921 4788 947 4838 et
961 4780 1105 4844 26516613
1120 4800 1179 4839 arro
1192 4801 1281 4840 iterra
1295 4781 1491 4846 emetirentur.

288 4886 345 4943 265
357 4887 531 4946 affinitatem
540 4890 675 4949 reiteratio
792 4891 851 4950 266
866 4893 1074 4952 deblattauisti
1084 4903 1200 4954 tontum
1211 4903 1334 4954 testatur
1342 4895 1496 4959 schwarz-

287 5016 416 5057 mannua
538 5003 595 5063 267
619 5004 764 5083 Staphyla
893 5007 952 5066 268
973 5027 1075 5085 prome
1094 5027 1218 5086 propere
1241 5008 1376 5086 Guyetua,
1399 5029 1496 5086 quam
