3300 6050
283 737 350 815 lxx
736 746 1037 808 mrsouucmos.

284 939 343 998 382
363 939 489 997 minimo
515 956 530 996 4
556 937 671 998 silentio
791 936 849 996 389
877 956 972 1014 parua
995 942 1041 997 est
1064 938 1153 998 etiam
1175 940 1216 1004 R
1351 940 1411 1001 392
1433 943 1497 1004 Oui

284 1053 343 1113 393
354 1053 576 1113 thesaurariose
589 1052 703 1112 ellemio
806 1052 865 1112 397
879 1055 1016 1131 proximo
1077 1058 1172 1116 errori
1185 1059 1361 1135 typoqroplei
1373 1060 1497 1120 deletam·

284 1166 429 1225 utendum
444 1185 502 1242 pro
522 1164 666 1223 utendim
795 1163 855 1221 400
880 1183 1026 1241 proxumo
1046 1185 1061 1224 4
1080 1168 1196 1228 utente
1328 1172 1387 1230 402
1412 1172 1496 1232 leone

282 1283 380 1360 potine
392 1281 548 1340 morborum
567 1279 792 1339 conlocationem
811 1280 1010 1339 commendari
1025 1301 1109 1356 posse
1129 1282 1214 1341 Noni
1233 1284 1395 1343 testimonio
1409 1306 1496 1345 nnnc

284 1401 370 1459 nido
383 1400 496 1476 fugiam
509 1399 597 1471 intre,
612 1417 650 1457 ne
663 1398 737 1475 quid
750 1397 798 1455 hie
811 1398 918 1456 itidem
938 1400 1044 1458 turbae
1065 1401 1131 1458 suat
1144 1411 1170 1460 et
1183 1403 1226 1461 sio
1237 1402 1422 1461 scribendum
1434 1422 1496 1462 case

285 1534 387 1574 040440.
429 1524 552 1573 ceterum
564 1515 652 1573 etium
665 1514 699 1573 in
712 1513 744 1576 B
759 1514 879 1591 congrio
892 1513 995 1591 infime
1008 1536 1111 1576 moesos
1123 1519 1254 1578 oddnnr.

349 1714 487 1773 Oouumo
508 1712 605 1772 00000
736 1713 795 1772 403
816 1713 913 1773 omnis
1044 1715 1103 1773 406
1128 1685 1303 1775 60001001·
1367 1717 1494 1779 bacchas

286 1813 433 1875 callentio
554 1811 613 1870 407
639 1829 687 1869 me
711 1809 818 1886 lepitnr
839 1811 873 1870 in
896 1811 938 1881 B,
959 1810 987 1871 ai
1010 1812 1252 1873 Sclwomnmnni
1277 1813 1391 1874 etauio
1402 1815 1492 1892 fides.

288 1929 348 1989 408
361 1926 521 2007 pulchrius

347 2085 463 2144 Evomo
485 2083 594 2144 Surus„
617 2083 756 2142 Oouumo
777 2081 876 2143 Cocvs
976 2083 1155 2145 413nomen
1168 2092 1256 2146 tuum
1269 2088 1437 2153 etlomBet
1450 2090 1495 2150 sic

284 2199 469 2262 scribendum
488 2208 558 2258 emt.
605 2203 689 2256 tuom
709 2198 789 2256 enim
809 2197 1043 2273 monosyllabum
1062 2207 1109 2258 oet.
1245 2200 1304 2260 414
1325 2202 1495 2262 cominatus

287 2316 346 2375 416
360 2314 461 2372 nullus
479 2317 524 2371 est
575 2347 578 2353 ·
646 2310 705 2372 417
727 2312 798 2389 quoi
820 2312 856 2370 cle
876 2310 908 2373 B
929 2331 1056 2387 expresse
1079 2321 1202 2371 testotm
1225 2313 1495 2377 Sclwommonnna

287 2431 346 2491 423
360 2430 440 2489 haud
456 2429 515 2487 scio
638 2428 696 2489 427
717 2428 832 2487 Utrum
854 2429 977 2487 crudum
997 2449 1037 2486 an
1051 2436 1167 2488 coctum
1187 2450 1240 2507 ego
1255 2432 1332 2489 edim
1344 2432 1396 2495 B:
1417 2432 1494 2504 inJ

285 2547 364 2608 nillil
375 2566 465 2622 neque
479 2544 521 2603 ad
533 2546 611 2603 edim
625 2543 784 2621 lepipotest.
827 2555 952 2604 ceterum
965 2565 1018 2623 ego
1037 2546 1113 2605 deest
1129 2548 1164 2605 in
1181 2547 1384 2606 remmimilns
1397 2547 1492 2623 libris,

286 2663 455 2739 Hildymdo
477 2669 548 2720 toste.
589 2660 683 2737 possis
704 2660 800 2736 ipitm·
820 2681 874 2738 ego
896 2662 998 2719 utrum
1022 2662 1184 2720 crudumue
1205 2681 1244 2719 an
1265 2663 1381 2720 c6ctum
1402 2662 1494 2723 edim.

287 2782 346 2840 428
374 2798 428 2837 uos
452 2795 577 2853 coquere
601 2776 650 2834 hic
673 2776 761 2835 etium
785 2776 837 2839 B:
867 2777 916 2835 hic
940 2777 1014 2835 deest
1037 2777 1072 2836 in
1094 2777 1185 2835 Pomi
1204 2778 1334 2849 editiom,
1355 2777 1437 2837 meede
1457 2778 1494 2838 in

285 2904 387 2958 nostru
403 2910 540 2969 peruerse
559 2889 712 2949 omittitur.
837 2890 893 2950 431
916 2897 1007 2950 tuane
1021 2898 1159 2970 expetam
1178 2893 1221 2952 ool.
1237 2890 1336 2966 Anset„
1350 2893 1394 2951 od
1412 2894 1496 2969 qnod

286 3008 363 3071 nllil
380 3005 535 3066 ednotom't
560 3002 831 3064 Sclwommonnm.
887 3003 957 3063 niele
976 3023 1077 3065 conam.
1219 3004 1277 3069 437
1305 3006 1417 3065 factum
1446 3012 1494 3067 est

288 3128 346 3188 442
361 3103 455 3222 umeri.

350 3287 880 3351 Evcu108uusx.00uos10(locvs
989 3286 1047 3351 447
1066 3289 1145 3349 istud
1167 3289 1255 3349 etiem
1274 3287 1307 3351 B
1431 3288 1494 3348 448

288 3411 337 3469 Ite
351 3408 392 3469 eol.
409 3406 507 3478 Amat,
522 3406 564 3464 od
575 3404 654 3481 qnool
672 3403 749 3462 emit
768 3401 924 3462 adnotonit
937 3400 1207 3463 Sclewommonnns,
1251 3403 1300 3461 Ite
1315 3401 1349 3460 in
1367 3400 1420 3463 Bo
1434 3424 1494 3463 ease

287 3541 413 3600 impresse
425 3529 531 3579 nomm
544 3517 665 3577 Ponam.
708 3517 805 3575 omnis
818 3516 906 3575 eliam
919 3513 959 3576 B.
1002 3515 1143 3574 tibicinae
1157 3534 1172 3575 e
1184 3514 1305 3574 cilentio.
1431 3514 1494 3574 450

286 3640 383 3712 facite,
397 3659 458 3697 non
470 3637 604 3696 facessite
739 3635 797 3692 451
819 3635 901 3692 Hem
923 3633 999 3711 perii
1021 3631 1082 3704 Bo,
1105 3631 1242 3709 Temperi
1263 3629 1320 3702 Bb,
1341 3637 1406 3686 teste
1425 3629 1494 3689 Ilit-

284 3754 387 3813 solnlo'o
402 3771 500 3810 comm.
516 3749 550 3807 in
563 3749 658 3805 mitem
673 3746 735 3805 Teo.
749 3746 870 3804 Snetom'
883 3745 1151 3820 Ileiffeoeclseidioni
1159 3766 1190 3819 p.
1203 3745 1270 3803 508.
1307 3751 1431 3800 comum
1444 3742 1493 3803 liic

286 3866 377 3923 Penei
398 3872 468 3919 notu
494 3860 528 3915 in
549 3877 673 3915 errorem
693 3857 791 3928 nimpi
810 3879 855 3915 me
871 3879 981 3931 passus
1000 3879 1081 3916 snm:
1104 3860 1191 3916 coelem
1209 3860 1286 3917 enim
1309 3857 1391 3917 lubet
1413 3866 1495 3936 poet

229 4026 235 4036 ,
286 3995 376 4052 quam
396 3967 559 4045 impleuisti
579 3965 787 4022 fustifissorum
912 3967 971 4023 453
992 3975 1093 4025 uestra
1113 3988 1127 4026 4
1147 3970 1261 4030 silentio
1384 3973 1444 4031 455
1469 3975 1495 4033 lc

287 4092 377 4143 caena
389 4080 421 4150 J.

347 4250 449 4309 Ssusx
468 4247 585 4306 Evcmo
706 4245 764 4306 459
781 4245 961 4325 Megadorus
974 4254 1104 4326 temptat
1112 4267 1160 4306 me
1174 4247 1312 4305 omnibus
1430 4251 1493 4312 460

285 4362 399 4422 leiotnm
413 4360 539 4438 defendit
551 4357 722 4436 Sponpelims
738 4359 841 4419 Plauti
849 4380 881 4436 p.
900 4360 966 4422 207.
1078 4361 1134 4419 461
1151 4379 1252 4419 caussa
1266 4368 1291 4417 et
1305 4360 1494 4437 surriperent

283 4479 425 4538 callemio
547 4474 606 4534 463
620 4474 812 4552 gallinatius:
833 4475 903 4534 niele
919 4495 1022 4536 comm.
1144 4476 1203 4534 464
1224 4473 1401 4548 scalpurrire
1415 4495 1493 4550 qnae

283 4593 430 4665 comptum
459 4588 625 4664 recipienda
653 4597 733 4647 eret:
766 4589 836 4647 nolle
866 4609 964 4650 comm.
1100 4589 1158 4648 465
1186 4606 1259 4665 opus
1287 4591 1332 4644 est
1414 4587 1493 4647 mihi
1527 4631 1531 4639 .

286 4705 343 4764 469
358 4704 453 4761 affinis
575 4701 633 4763 470
649 4704 808 4781 conloquar
818 4722 944 4779 capream
957 4711 1078 4764 testetur
1090 4702 1359 4762 Sclcworznmnnns.

345 4869 539 4928 Msesooave
567 4870 682 4930 Evcmo
712 4871 810 4930 Suuss
839 4872 911 4932 Dvo
1046 4869 1105 4930 473
1134 4867 1304 4929 conditione
1331 4883 1346 4924 4
1373 4864 1493 4927 alerem

283 4987 341 5047 481
362 4987 523 5046 maximam
602 4991 720 5065 partem
747 4992 792 5045 est
914 4986 974 5047 482
996 4985 1149 5045 altercatio
1176 4990 1222 5042 est
