3300 6050
692 799 933 860 nvnvnnnm.
1175 795 1244 867 [111.
1263 801 1287 852 c.
1305 799 1420 851 24—31.

220 1067 223 1072 .
299 974 374 1070 inm
396 998 578 1069 obsonium
599 1001 714 1066 antem
735 995 793 1082 pol
815 994 873 1061 uel
894 989 1019 1078 lepiont
1041 994 1095 1057 sat
1116 992 1178 1055 est.

705 1116 940 1182 Mnemonvn

308 1235 410 1303 etiam
432 1234 559 1319 ignum
580 1232 665 1299 misi.

753 1354 903 1421 Evomo.

664 1473 733 1560 qno
754 1472 894 1559 quidem
915 1491 1010 1556 agno
1024 1470 1079 1538 stt
1100 1469 1169 1537 scio

311 1593 419 1679 magis
441 1593 606 1662 curiosam
627 1593 793 1679 uinquam
814 1612 888 1659 esse
910 1590 1014 1658 ullam
1035 1589 1179 1657 beluam.

713 1711 945 1777 Muennonvs.

231 1845 290 1913 555
314 1832 394 1901 nolo
416 1854 480 1919 ego
502 1834 546 1900 e'x
568 1838 603 1902 te
626 1833 711 1900 scire
732 1830 791 1916 qui
813 1829 859 1897 sit
879 1849 986 1913 agnus
1008 1826 1109 1894 curio.

754 1950 902 2017 Evemo.

315 2072 395 2158 quia
417 2071 492 2139 ossa
513 2094 552 2141 ac
573 2071 672 2157 pellis
692 2069 822 2139 totust:
851 2068 901 2135 ita
922 2065 1003 2135 ouri
1024 2068 1143 2133 manet.

315 2189 399 2274 quin
421 2188 501 2256 exta
522 2189 687 2274 inspicere
709 2188 745 2253 in
766 2185 838 2254 sole
860 2185 967 2253 etium
988 2183 1069 2251 uino
1090 2184 1189 2251 licet:

315 2310 364 2376 ita
385 2309 413 2376 is
434 2310 582 2395 pellnoet
603 2307 701 2395 quisi
722 2306 877 2374 lanterna
897 2302 1033 2371 Pinica

712 2429 952 2494 Mnemonvn

317 2543 527 2614 caedundum
549 2542 645 2611 illum
666 2562 730 2628 ego
752 2539 910 2609 condixi.

759 2662 905 2728 Evcmo.

912 2786 987 2847 tum
1007 2784 1047 2847 tu
1068 2779 1159 2847 idem
1182 2777 1395 2863 optumumst

237 3075 269 3130 16
282 3076 331 3133 ubi
341 3076 429 3132 uerba
447 3074 531 3130 uncia
548 3072 661 3131 inctrue
680 3090 700 3130 u
718 3089 763 3130 nu
774 3075 875 3130 eciditu
887 3082 963 3130 runt.
998 3076 1078 3131 idem
1090 3075 1222 3130 Donatus
1233 3074 1331 3129 eadem
1348 3073 1443 3128 uerba

235 3163 305 3216 citet
314 3163 323 3234 ξ
331 3161 488 3229 intercipit,
504 3159 625 3229 proprie
642 3159 725 3228 queri
744 3165 834 3214 totum
851 3160 930 3228 cepit
947 3160 1077 3215 Pluutue
1095 3161 1130 3216 in
1149 3159 1329 3216 Aulularia:
1362 3158 1442 3224 Quae

235 3246 303 3301 mihi
321 3245 489 3300 interbibere
510 3244 574 3312 solo,
595 3243 700 3298 sinino
722 3246 835 3311 scateat,
855 3244 1076 3300 Corinthiensem
1093 3247 1198 3301 fontem
1219 3248 1249 3302 et
1268 3245 1443 3314 Pyrenaeum

235 3331 343 3401 potest!
379 3333 408 3384 ct
426 3329 562 3399 pirineum
581 3327 621 3397 B,
641 3331 670 3383 et
688 3328 832 3397 pireneum
847 3329 880 3397 J,
893 3333 922 3384 et
940 3347 1092 3399 pyreneum
1104 3350 1129 3401 γ,
1163 3331 1282 3386 Pirenen
1302 3331 1442 3398 (iuuenca,

236 3416 364 3471 Pirenam
387 3415 522 3470 Gotterue.
559 3411 837 3470 OorrinthiensenrJ.
906 3420 958 3468 552
974 3433 1110 3484 perronna
1130 3416 1245 3472 exhibui
1263 3431 1299 3471 ee
1315 3415 1443 3470 auetori-

238 3509 292 3559 tnte
305 3501 368 3561 BJ.
404 3500 565 3573 obsequium
579 3518 637 3570 pro
655 3498 798 3554 obsonium
818 3499 1008 3570 pernitie-In
1079 3503 1124 3557 uel
1144 3503 1217 3558 leoni
1237 3505 1299 3557 sata
1318 3506 1364 3558 est
1382 3500 1443 3570 Bu,

234 3589 305 3644 leoni
318 3586 475 3654 intest-ir.
552 3593 603 3642 553
622 3585 772 3641 insutu
783 3586 941 3655 Mepectoro
952 3589 1139 3644 attribuitur.
1218 3589 1332 3644 beluam
1349 3589 1447 3658 iudis-

228 3678 362 3744 ferenter
381 3677 482 3747 posuit
504 3675 662 3731 auctoritua
684 3679 821 3729 ueterum.
857 3673 985 3729 Pluutue
1003 3675 1181 3731 Auttduriu:
1210 3675 1239 3730 in
1262 3693 1318 3746 quo
1329 3675 1447 3745 quidem

176 3827 178 3831 ,
238 3781 309 3833 agno
321 3766 380 3819 seat
392 3764 456 3831 scio,
468 3761 557 3830 magia
569 3760 704 3815 curiosam
717 3776 867 3829 numquam
884 3776 945 3815 esse
963 3760 1047 3815 ullam
1063 3761 1182 3816 belnam.
1215 3761 1333 3818 Nonius
1344 3775 1406 3831 455,
1421 3776 1447 3816 2.

237 3866 373 3919 nusquam
392 3849 463 3903 iibri
481 3845 629 3901 Pteutini.
711 3846 851 3899 curionem
874 3845 1056 3902 Gulielmius.
1128 3854 1179 3903 555
1196 3849 1287 3918 curio,
1306 3850 1447 3905 curiosus.

238 3936 366 3989 Ptuutue
385 3932 563 3986 Aulularia:
591 3929 654 3983 nolo
675 3945 726 3997 ego
745 3946 780 3982 ex
800 3933 830 3984 te
851 3931 899 3999 qui
918 3933 971 3987 scit
989 3951 1074 4003 agnus
1093 3935 1176 3990 eurio.
1218 3935 1336 3992 Noniur
1357 3936 1401 4006 86,
1426 3952 1449 3992 1.

240 4019 372 4085 (curiosus
393 4015 577 4082 interpolatio
592 4019 630 4068 eat
649 4014 793 4068 librorum
812 4031 871 4068 non
890 4017 1041 4073 autorum
1056 4018 1268 4076 Pleutiuorum
1286 4022 1338 4090 qui
1358 4023 1452 4076 initio

240 4102 316 4156 curio
329 4107 401 4156 recte
418 4100 599 4169 babuerunt.)
612 4099 774 4155 ‘curionem
792 4118 902 4169 equum
923 4103 1048 4161 Pluutua
1059 4124 1119 4177 pro
1139 4125 1235 4163 niuno
1250 4107 1349 4177 pontit
1360 4109 1450 4176 quari

239 4203 312 4242 curu
335 4188 517 4243 niucruirret!
560 4186 675 4242 Puutue
699 4188 850 4244 Diaconue
866 4209 895 4259 p.
918 4192 996 4248 oon.
1037 4201 1162 4250 ceterum
1181 4194 1229 4249 tric
1248 4211 1351 4248 ueruto
1365 4194 1453 4261 fuleo

240 4273 376 4329 Euclioni
395 4276 538 4331 tribuitur
561 4276 595 4330 in
612 4275 645 4345 J,
659 4275 764 4331 itidem
784 4277 843 4333 sit
861 4286 939 4334 cetat
957 4289 989 4335 ut
1007 4282 1095 4336 initio
1115 4282 1271 4348 seitfuicae
1294 4281 1453 4350 adpareat.

241 4363 293 4415 556
311 4364 401 4418 maret
412 4362 539 4418 Plautua
550 4363 583 4418 in
594 4363 772 4420 Aututurie:
791 4366 838 4433 qni
850 4383 913 4421 ossa
923 4383 955 4422 ao
966 4368 1045 4437 pellis
1057 4373 1144 4437 tenos,
1156 4369 1198 4424 ita
1213 4372 1311 4423 maret.
1329 4369 1453 4426 Noniru

243 4461 357 4519 509,11.
427 4449 475 4520 qui
487 4466 548 4505 ossa
559 4450 629 4506 Pu.
641 4468 724 4520 unus,
737 4453 813 4506 unde
831 4469 890 4506 non
908 4454 984 4508 nutti
1001 4456 1049 4523 qui
1066 4473 1129 4511 ossa
1140 4458 1224 4525 atque
1236 4456 1316 4526 pellis
1329 4460 1453 4514 conuce

241 4542 321 4590 runt.
362 4535 403 4589 ita
414 4551 509 4590 curam
529 4536 607 4605 aegei
625 4535 790 4606 Be,maget
807 4534 839 4603 J,
852 4537 941 4606 magni
964 4539 1026 4594 Pet.
1043 4557 1111 4609 pr:
1130 4542 1165 4595 iu
1185 4541 1286 4608 quinto
1303 4544 1347 4597 ud
1363 4559 1452 4598 orum

243 4621 413 4673 adnotatum
435 4627 475 4673 eat
504 4621 572 4676 alian
595 4624 691 4677 manet
763 4623 840 4676 totus
864 4627 908 4676 est
925 4620 1008 4689 BJr.
1078 4631 1202 4681 ceterum
1226 4627 1260 4680 ab
1282 4627 1336 4681 luc
1361 4645 1452 4683 uersu

243 4705 388 4770 nequead
405 4710 453 4758 561
474 4708 572 4761 omniu
592 4708 749 4776 Mepadoro
768 4707 976 4762 continuantur
988 4707 1063 4766 inJ.
1169 4715 1219 4769 557
1238 4711 1312 4766 soleo
1330 4713 1398 4768 uiuo
1410 4712 1451 4783 B,

244 4786 465 4854 &uiuo-tuconi
484 4807 541 4845 uuo
557 4794 632 4862 Pu,
645 4794 729 4848 etiam
746 4792 812 4847 uiuo
833 4799 898 4847 uett.
919 4795 981 4852 edd.
1060 4796 1257 4868 inspincereJ.
1329 4809 1384 4859 558
1404 4803 1452 4858 Ita

240 4873 360 4943 pellucet
379 4874 456 4943 quasi
475 4874 601 4932 lanterna
619 4876 722 4932 Punica
739 4876 916 4933 Priscianua
936 4880 1001 4936 irut.
1013 4897 1044 4938 11„
1060 4899 1092 4937 10
1110 4886 1164 4952 qui
1181 4886 1258 4941 huuc
1277 4903 1399 4942 uernum
1415 4907 1452 4944 ee

240 4960 388 5018 Asinaria
407 4960 484 5015 citet.
518 4962 643 5019 lanterna
659 4963 699 5034 B,
710 4963 817 5019 laterna
828 4964 871 5031 Jr
881 4983 947 5022 cum
958 4985 1013 5026 rec.
1101 4979 1152 5029 559
1170 4975 1336 5044 conducere,
1348 4992 1451 5032 enuere.

239 5044 365 5115 Pluutue
372 5045 405 5102 iu
412 5046 590 5114 Aulularia:
608 5050 760 5120 cedendum
772 5051 891 5109 conduxi
898 5070 949 5126 ego
960 5054 1045 5136 illum.
1066 5057 1302 5132 Nontue27415.
1325 5063 1452 5130 caedere,
