3300 6050
86 871 112 914 δ”.

142 979 180 1027 ιο
201 980 385 1047 numquam
404 959 561 1028 indicare
574 959 611 1026 id
632 958 704 1027 fflio
725 958 837 1028 uoluit
857 980 929 1042 suo,

118 781 139 850 8
595 788 840 855 Avuvuanm„
1040 845 1043 850 ,
1096 786 1196 860 [Pron
1210 793 1325 846 m-ro.

200 1077 403 1166 inopemque
424 1078 558 1165 optauit
577 1077 692 1164 pitius
713 1098 792 1145 eum
812 1076 1004 1163 relinquere

201 1218 304 1283 quam
327 1198 405 1266 edm
427 1198 648 1266 thensaurum
670 1195 946 1264 odnmonetraret
973 1195 1047 1264 tilio

201 1318 273 1404 agri
294 1318 433 1403 reliquit
453 1315 485 1384 ei
505 1337 575 1384 non
595 1316 755 1402 magndm
775 1316 925 1399 modum,

202 1457 271 1522 quo
292 1435 370 1503 etim
390 1435 506 1503 labore
527 1432 651 1519 migne
672 1438 708 1501 et
728 1434 850 1501 misere
870 1432 1012 1500 uiueret

144 1570 178 1636 15
204 1554 263 1623 ubi
284 1555 314 1621 ie
336 1554 420 1623 dbiit
440 1557 584 1622 mortem
605 1552 665 1639 qui
688 1551 772 1619 mihi
792 1552 830 1619 id
850 1573 972 1619 aurum
992 1551 1144 1634 credidit,

203 1674 300 1759 coepi
323 1672 513 1756 dbseruare‚
534 1671 632 1757 eoqui
653 1671 814 1738 maiorem
836 1668 929 1737 filius

202 1792 286 1859 mihi
307 1790 469 1860 hondrem
490 1790 631 1860 haberet
651 1812 754 1876 quam
775 1788 849 1858 eius
869 1789 1044 1859 habuisset
1062 1794 1170 1876 pater.

203 1914 306 1995 atque
327 1909 384 1978 ille
405 1931 487 1978 uero
508 1909 620 1977 minue
642 1910 822 1995 minusque
843 1908 1004 1996 inpendio

203 2029 322 2097 eurtre
344 2030 522 2116 minusque
542 2051 597 2098 me
618 2030 781 2117 inpertire
801 2030 996 2099 hondribue.

140 2162 183 2212 20
203 2147 286 2215 item
306 2147 326 2214 a
345 2169 400 2215 me
421 2154 539 2216 eontra
560 2147 740 2217 fietumet:
770 2169 850 2215 nam
871 2148 955 2215 item
977 2146 1063 2216 obiit
1084 2145 1183 2214 dieru

203 2264 344 2333 iehdne
364 2266 503 2352 reliquit
524 2265 584 2352 qui
605 2264 661 2333 hie
682 2287 773 2333 nuno
793 2266 928 2334 habitat
949 2265 1060 2333 fllium

204 2386 332 2472 paritir
352 2392 529 2472 moratum,
549 2392 590 2456 ut
609 2385 709 2473 piter
730 2407 880 2471 auosque
901 2385 974 2454 eide
994 2386 1069 2455 fuit

205 2504 286 2573 huie
306 2506 378 2574 filia
399 2512 520 2577 unaet:
550 2505 591 2574 ia
611 2507 696 2574 mihi
716 2505 840 2575 cotidie

207 2629 268 2692 aut
288 2623 365 2693 thre
385 2631 447 2695 aut
467 2627 549 2694 uino
571 2631 631 2694 aut
652 2626 757 2712 iliqui
779 2647 912 2713 semper
933 2626 1108 2714 edpplieat,

144 2758 182 2824 25
207 2743 268 2811 dat
285 2742 368 2809 mihi
389 2764 537 2812 coronae
565 2742 638 2811 diue
660 2743 797 2812 honoris
820 2743 931 2829 gritia

122 2970 202 3028 Pall.
214 2970 348 3043 quiaque,
358 2978 385 3029 et
395 2971 450 3030 alii
460 2974 636 3031 reeeutioree.
689 2992 772 3048 quom
783 2976 840 3034 iam
854 2977 999 3035 &uerae
1009 2983 1036 3034 et
1049 2977 1182 3047 Garum.
1242 2982 1278 3035 10
1289 2978 1333 3034 iu·

123 3059 216 3114 dieare
226 3058 258 3117 J.
328 3059 415 3115 idfilio
432 3060 464 3119 J.
534 3067 567 3140 1¹2
586 3061 747 3118 thesaurum
765 3062 814 3130 ιῐγ.
847 3071 911 3135 poet
928 3066 1148 3120 oonmonstraret
1167 3062 1249 3132 uolao
1270 3081 1332 3119 nou

123 3145 351 3216 iuterpuuqituu
363 3147 431 3203 uide
442 3148 508 3203 dier.
520 3165 549 3219 p.
561 3164 603 3218 31.
637 3147 714 3204 loeus
724 3150 856 3205 neudum
871 3150 1047 3207 erneudatroe.
1083 3151 1295 3205 commostraret
1306 3167 1334 3219 γ,

122 3235 337 3288 commonstrare
348 3231 507 3289 eauieeuu
518 3251 553 3290 ea·
563 3234 648 3290 lieri:
659 3252 717 3290 uere
729 3235 828 3292 uullie.
893 3241 927 3291 14
939 3235 986 3305 qui
998 3252 1012 3290 e
1023 3233 1186 3302 tanqum
1198 3232 1332 3301 Bethiue,

123 3319 158 3372 iu
168 3316 193 3375 J
204 3316 445 3384 uiiilpraeterdr
463 3318 563 3374 misere
580 3319 690 3375 uiueret
707 3321 855 3388 adparuit.
934 3326 966 3374 15
980 3327 1098 3390 praeter
1115 3316 1235 3374 credidit
1251 3317 1333 3372 nillil

123 3401 265 3471 adparuit
282 3401 316 3457 iu
333 3400 364 3459 J.
402 3401 524 3460 Gradere
542 3411 582 3461 eet
598 3405 777 3460 seruandum
794 3405 997 3460 eomueeudare.
1032 3404 1162 3459 Plautus
1180 3402 1216 3456 iu
1236 3402 1332 3458 Aelu

124 3488 222 3544 laria:
247 3487 295 3543 ubi
313 3487 337 3543 ie
355 3487 414 3544 obit
432 3493 558 3560 mortem,
577 3490 646 3560 quid
662 3490 731 3545 mihi
748 3490 778 3545 in
797 3506 893 3546 aurem
912 3490 1038 3546 eredidit
1074 3488 1190 3543 Nouia:
1209 3499 1269 3556 275,
1291 3504 1333 3543 10.

126 3578 158 3630 16
172 3574 336 3642 obseruare,
349 3573 441 3631 celare
450 3582 476 3631 et
488 3574 568 3630 iulus
583 3582 711 3645 reluere.
748 3574 877 3631 Plautus
887 3573 1070 3629 Aulularia:
1087 3571 1136 3628 ubi
1151 3572 1248 3628 ieobit
1259 3589 1332 3627 mor-

124 3659 251 3731 tem,qui
262 3660 330 3715 mihi
346 3659 377 3715 id
395 3677 493 3717 aarum
511 3662 639 3731 eredidit,
652 3661 728 3731 ooepi
747 3660 904 3716 obseruare.
938 3659 1055 3714 Nouiue
1066 3672 1128 3728 359,
1140 3673 1181 3727 32
1216 3656 1331 3726 Honor,

123 3747 307 3817 sacraficium,
326 3747 420 3802 litatio
423 3789 487 3803 ......
490 3746 618 3801 Plautus
635 3746 816 3802 Aulularia:
845 3750 874 3800 et
898 3744 981 3814 quide
1000 3743 1131 3798 maiorem
1152 3741 1239 3796 filium
1260 3741 1332 3798 Mihi

124 3831 257 3886 honorem
267 3831 378 3897 habere,
391 3847 473 3898 quam
490 3830 549 3883 eiua
560 3830 702 3885 habuisset
717 3832 805 3898 pater.
840 3829 957 3884 Noniae
969 3843 1028 3897 320,
1044 3840 1082 3896 ις.
1117 3825 1196 3897 etqui
1211 3823 1333 3896 Heo-

125 3916 203 3982 quiu
220 3921 246 3966 et
263 3913 340 3965 Pail.
359 3911 425 3978 duo,
444 3911 545 3977 ecquid
562 3913 638 3966 codd.
658 3929 711 3966 ree.
731 3913 831 3968 deum.
904 3917 936 3970 17
949 3914 1035 3968 Miohi
1046 3913 1078 3972 J.
1149 3911 1332 3982 181npendio

122 4012 181 4064 pre
198 3994 292 4062 magis.
327 3993 456 4048 Plautus
474 3993 655 4050 Aulularia:
674 3998 758 4063 atque
776 3996 824 4051 ille
843 4012 911 4050 uero
929 3997 1020 4052 miuus
1039 3999 1183 4067 minusque
1200 3996 1333 4065 inpendio

126 4077 253 4147 [iupedio
264 4075 339 4146 libri]
349 4091 446 4131 ourare
457 4076 603 4146 minusque
614 4094 659 4132 me
670 4079 804 4148 inpertire
815 4081 972 4137 honoribus.
1007 4083 1123 4138 Nouius
1135 4083 1191 4152 128,
1205 4097 1247 4150 30.
1284 4082 1334 4136 im-

126 4159 289 4231 pertire-17,
300 4160 433 4231 inpertire
451 4160 491 4231 B,
502 4161 641 4218 Botiiue:
660 4163 694 4218 de
711 4163 758 4218 lie
767 4165 878 4234 sormi:
895 4164 963 4220 uide
981 4167 1203 4235 Feleouenum,
1214 4183 1256 4235 ep.
1267 4165 1332 4222 erit.

128 4264 178 4304 vn.
191 4251 263 4319 eous.
278 4249 355 4304 aalu.
368 4249 426 4303 280.
496 4254 531 4304 20
550 4249 596 4304 die
614 4248 678 4320 Ba,
693 4249 767 4305 diem
783 4269 808 4320 γ,
820 4243 900 4306 Pali.
919 4259 1062 4318 quattuor.
1096 4252 1200 4306 foetum
1220 4250 1331 4317 eet-17.

130 4342 162 4389 21
175 4337 308 4404 Pariter,
321 4336 468 4390 similiter.
503 4335 632 4391 Plautus
643 4337 822 4393 Aulularia:
841 4337 884 4393 his
901 4354 936 4392 ex
954 4354 985 4392 ee
1001 4338 1074 4393 huuc
1092 4337 1206 4406 reliquit
1224 4337 1272 4407 qui
1288 4337 1333 4392 hie

128 4420 237 4477 habitat
248 4421 343 4490 filium,
355 4420 460 4491 pariter
471 4424 616 4488 moratum,
628 4428 661 4477 ut
672 4427 752 4492 pater
764 4425 848 4490 atque
859 4439 928 4477 auus
939 4423 998 4477 eiua
1010 4422 1070 4476 fuit.
1105 4421 1225 4477 Nouius
1235 4435 1271 4490 37
1274 4435 1297 4491 ς,
1309 4421 1333 4476 8.

129 4505 256 4561 Plautue
267 4505 300 4560 iu
312 4504 489 4560 Aulularia:
509 4504 620 4560 Pariter
630 4510 752 4561 moratus
764 4510 797 4561 ut
811 4511 892 4577 pater
908 4523 1031 4576 eumque
1043 4507 1103 4561 eiua
1114 4505 1175 4561 fuit
1210 4506 1333 4561 Seruios

130 4593 170 4647 ad
187 4592 264 4660 Vere.
279 4591 407 4659 Gauron
424 4592 480 4660 189
493 4607 526 4644 ex
539 4606 569 4646 ee
583 4598 647 4658 poet
664 4590 689 4645 ie
704 4591 815 4645 adduae
833 4593 920 4646 etiam
938 4592 1008 4646 lieri
1025 4590 1174 4667 Plautini,
1185 4591 1262 4658 quod
1279 4590 1333 4644 uie

131 4677 249 4731 luceru:
268 4675 433 4730 deleaeruut
447 4676 575 4744 (iuuetur
585 4683 611 4730 ot
622 4677 857 4743 Kampmannm.
928 4682 963 4730 22
975 4677 1107 4744 Pariter,
1119 4675 1264 4744 amititur,
1275 4691 1334 4730 uae

131 4762 221 4817 moda.
258 4767 285 4816 et
306 4768 346 4815 eet
368 4763 505 4817 autieuuu
540 4762 669 4816 Plautus
692 4761 727 4815 iu
749 4762 927 4818 Aulularra:
954 4760 1041 4815 filium
1061 4761 1167 4830 pariter
1186 4762 1334 4815 moratum.

131 4845 253 4902 Seruius
271 4845 311 4898 ad
328 4845 558 4912 VeraAeu.x1.
580 4857 638 4914 592.
673 4843 734 4898 eiua
752 4844 870 4900 Nouius
891 4852 917 4900 et
937 4844 1068 4914 Seruius,
1085 4845 1167 4898 huiue
1185 4842 1268 4910 Βιῐγ.
1303 4847 1336 4898 ut

130 4929 235 5001 pariter
255 4928 425 4999 anusque-1.
494 4935 529 4985 23
546 4946 601 4985 una
618 4932 662 4985 eet
681 4927 761 4996 Bai.
796 4929 879 4986 miehi
897 4929 928 4988 J.
999 4928 1113 4985 cottidie
1130 4926 1170 4997 B,
1181 4929 1288 4985 cotidie
1304 4929 1336 4997 J,

131 5011 255 5084 quotidie
267 5027 291 5078 γ.
359 5016 394 5067 24
405 5011 488 5068 thure
499 5018 525 5068 et
536 5010 642 5082 aliquid
653 5010 702 5077 Ji.
725 5069 728 5071 ,
773 5016 808 5068 25
820 5012 898 5068 cuiue
909 5013 943 5067 iu
955 5028 973 5078 γ
984 5010 1172 5081 Helduardue
1183 5027 1240 5068 erae
1255 5012 1337 5069 dicit.
