3300 6050
578 790 818 852 EXllGll'llOAh
843 795 1118 863 commendaui.
1372 818 1439 889 131

239 976 380 1039 diffiteor:
401 998 472 1038 nam
485 984 599 1041 tutores
613 982 692 1041 orbis
704 988 824 1043 tantum
838 990 870 1045 et
890 988 1082 1067 emancipatis
1095 989 1161 1051 dari
1173 1000 1320 1072 poterant.
1348 1017 1439 1075 quam

238 1097 310 1136 uero
323 1078 361 1136 ob
375 1098 438 1137 rem
451 1080 500 1140 hic
514 1080 551 1139 de
564 1081 643 1140 orbis
656 1082 843 1159 potissimum
856 1105 952 1146 sermo
965 1087 1014 1161 sit,
1025 1107 1086 1147 non
1099 1095 1199 1168 patet:
1212 1092 1304 1153 immo
1317 1096 1439 1155 omnino

238 1174 274 1234 de
296 1176 414 1236 filiabus
435 1179 567 1238 cuiusuis
590 1180 701 1238 ordinis
725 1186 756 1240 et
778 1182 957 1243 condicionis
976 1184 1111 1264 loquitur
1131 1188 1317 1268 Megadorus
1340 1199 1439 1271 potest

236 1275 330 1355 igitur
343 1279 457 1357 placere
469 1280 572 1365 Wolffi
585 1280 762 1353 coniectura,
776 1280 895 1358 prelata
908 1282 961 1340 illa
979 1282 1069 1343 Proll.
1085 1285 1118 1343 in
1132 1285 1324 1348 Aululariam
1342 1310 1370 1367 p.
1387 1291 1436 1364 43,

237 1393 275 1432 ex
295 1395 354 1452 qua
374 1376 561 1435 scribendum
582 1382 658 1435 esset
680 1381 795 1454 ‘neque
814 1379 865 1435 lex
885 1397 981 1455 neque
996 1379 1098 1456 pudor
1117 1388 1163 1440 est
1183 1402 1286 1461 capere
1304 1387 1357 1462 qui
1373 1406 1438 1463 pce·

236 1470 275 1533 sit
293 1472 432 1532 modum.³
473 1493 654 1552 quamquam
672 1474 781 1533 tutoris
799 1475 912 1535 mentio
927 1496 946 1535 a
964 1476 1028 1535 loce
1042 1484 1106 1537 toto
1120 1481 1243 1540 minime
1257 1484 1355 1542 aliena
1375 1503 1437 1543 esse

236 1570 372 1631 uidetur:
403 1592 474 1630 nam
502 1576 623 1649 ‘capere
651 1570 784 1630 modum'
820 1572 949 1633 formula
975 1568 1116 1651 loquendi
1150 1584 1196 1636 est
1228 1579 1437 1641 iureconsultis

237 1667 353 1745 saepius
375 1668 493 1740 usitata,
520 1687 574 1745 pro
594 1688 654 1745 qua
677 1674 787 1728 temere
817 1669 931 1729 ‘lacere
951 1671 1085 1730 modum'
1116 1693 1178 1731 non
1197 1675 1274 1733 nulli
1294 1695 1436 1754 reponere

236 1765 404 1837 studebant,
418 1764 498 1822 inter
511 1784 584 1842 qnos
598 1764 689 1823 etiam
699 1764 904 1844 Visseringiua
917 1773 963 1825 est
977 1766 1097 1836 Quaest.
1110 1767 1209 1830 Plaut.
1222 1787 1247 1829 11
1263 1772 1310 1832 99.
1333 1773 1438 1833 dicunt

235 1862 328 1939 igitur
348 1863 541 1923 iureconsulti
569 1866 691 1941 ‘capere
710 1864 833 1922 modum
853 1864 926 1941 legis
951 1864 1076 1924 alicuius
1090 1864 1106 1925 :'
1135 1886 1232 1945 neque
1255 1874 1357 1928 tamen
1376 1870 1437 1930 dici

234 1966 332 2037 potest
354 1961 420 2020 ‘lex
433 1960 513 2038 capit
526 1959 658 2019 modum’
680 1965 713 2018 at
734 1964 834 2018 ‘tutor
852 1961 934 2038 capit
946 1961 1069 2019 modum
1087 1961 1179 2039 legis'
1218 1963 1321 2041 itaque
1334 1972 1435 2025 nostro

233 2054 298 2115 loco
312 2057 490 2117 breuitatem
504 2058 653 2135 quandam
666 2056 724 2126 uel,
748 2057 774 2115 ai
794 2057 901 2130 malea>
914 2054 1056 2137 ω1γχυσιν
1073 2059 1262 2118 statuendam
1278 2080 1340 2120 esse
1358 2063 1436 2120 arbi·

233 2156 305 2225 tror,
319 2158 356 2211 ut
369 2172 471 2213 sensus
483 2153 533 2212 hic
546 2154 586 2212 sit
608 2157 729 2212 ‘contra
746 2173 874 2232 quorum
892 2154 1047 2215 hominum
1063 2156 1247 2217 insatietates
1268 2178 1365 2237 neque
1382 2161 1433 2221 lex

233 2249 296 2308 ulla
308 2252 392 2310 utilis
405 2257 459 2325 est,
474 2270 571 2329 neque
583 2256 669 2311 tutor
685 2270 790 2329 capere
807 2258 907 2329 potest
922 2252 1043 2311 modum
1057 2253 1131 2331 legis
1146 2254 1318 2315 cuiusdam!
1359 2264 1434 2317 cete

232 2366 300 2405 rum
318 2348 462 2407 Plautum
481 2347 685 2425 neglegentius
702 2347 752 2406 hic
768 2367 873 2425 graeca
894 2349 1039 2427 quaedam
1056 2352 1181 2411 uertisse
1197 2351 1380 2428 crediderim,
1400 2355 1434 2413 in

231 2445 340 2522 quibus
361 2445 474 2504 scilicet
494 2445 532 2504 de
554 2441 715 2521 ἐπικλήροις
738 2444 885 2503 diuitibus
905 2464 1002 2504 sermo
1025 2446 1138 2518 suisset,
1162 2466 1290 2524 quarum
1312 2451 1433 2528 nuptias

231 2542 320 2600 multi
341 2542 427 2619 eique
447 2541 530 2599 auidi
549 2540 684 2599 homines
705 2541 888 2618 adpeterent.
910 2542 1022 2600 etenim
1043 2542 1069 2601 oi
1090 2540 1257 2619 ἐπικλήρους
1273 2544 1322 2604 hio
1345 2546 1432 2606 intel-

231 2638 346 2711 lexeris,
362 2638 470 2697 tutoris
482 2637 595 2697 mentio
609 2636 669 2695 iam
683 2636 760 2695 nihil
773 2636 865 2695 habet
878 2637 954 2696 miri
982 2643 1115 2696 ceterum
1131 2639 1169 2697 de
1187 2658 1220 2698 re
1240 2645 1303 2699 tam
1319 2641 1434 2702 incerta

228 2745 260 2798 et
282 2737 423 2817 perplexa
443 2756 534 2815 quam
555 2736 627 2795 haec
650 2743 703 2808 est,
727 2735 943 2795 iurecomnltos
962 2736 1039 2794 nihil
1064 2736 1175 2795 litteris
1199 2739 1351 2797 mandasse
1371 2759 1433 2798 non

230 2854 350 2912 possum
363 2834 435 2893 satis
449 2832 603 2893 demirari:
624 2831 726 2891 uideat
744 2832 839 2909 igitur
855 2832 978 2892 fortasse
996 2831 1114 2909 aliquis,
1129 2832 1156 2891 si
1174 2833 1221 2891 cui
1235 2841 1336 2893 noster
1348 2834 1432 2894 libel-

230 2933 277 2992 lus
290 2934 322 2991 in
336 2952 441 2991 manus
454 2932 579 3003 uenerit,
593 2930 667 3008 quid
679 2931 720 2989 eit
735 2929 938 2990 statuendum.
974 2930 1085 2989 nostris
1105 2931 1185 2990 enim
1206 2932 1330 2991 meliora
1347 2933 1432 2994 inue-

230 3033 290 3092 niri
304 3052 386 3110 posse
399 3052 461 3090 non
475 3027 681 3108 desperamus.³
723 3029 770 3088 As
784 3049 835 3106 my
848 3029 971 3088 wisdom
984 3029 1059 3088 with
1074 3029 1180 3108 regard
1198 3035 1230 3089 to
1247 3030 1309 3089 this
1321 3037 1432 3090 matter

229 3130 282 3190 has
297 3137 352 3189 not
371 3129 521 3190 increased
540 3130 620 3189 since
636 3129 722 3202 1864,
742 3128 831 3188 when
850 3128 868 3186 I
882 3134 975 3188 wrote
992 3128 1044 3187 the
1061 3129 1221 3206 preceding
1238 3129 1372 3188 remarks
1386 3130 1432 3209 (de

228 3227 297 3288 Aoi.
311 3219 339 3307 p.¹
357 3227 449 3307 186),
473 3227 607 3304 Irepeat
626 3226 709 3286 them
723 3226 794 3285 here
815 3224 875 3283 and
887 3245 937 3285 am
957 3230 1080 3285 content
1101 3231 1134 3284 to
1156 3226 1228 3284 wait
1247 3227 1294 3285 for
1314 3226 1432 3286 further

228 3325 404 3385 benevolent
423 3323 620 3383 instruction:
641 3323 697 3381 but
715 3329 747 3381 at
771 3322 824 3381 the
846 3340 926 3380 same
947 3322 1021 3381 time
1044 3320 1061 3380 I
1083 3341 1152 3399 may
1172 3321 1231 3381 add
1254 3323 1323 3382 that
1343 3323 1361 3381 I
1381 3343 1431 3382 am

226 3444 294 3484 now
311 3423 445 3502 disposed
465 3428 498 3496 to
516 3421 636 3499 explain
661 3421 761 3479 ‘there
780 3419 898 3478 neither
916 3420 1008 3478 existe
1026 3437 1045 3478 a
1060 3418 1120 3476 law
1137 3419 1253 3496 against
1274 3419 1378 3496 poople
1398 3421 1434 3478 oi

226 3522 293 3580 thet
316 3519 392 3579 kind
415 3538 471 3578 nor
491 3517 561 3576 isit
583 3517 615 3575 in
634 3515 686 3575 the
708 3535 809 3593 power
830 3515 864 3573 of
882 3534 942 3591 any
961 3520 1046 3572 tutor
1064 3518 1097 3572 to
1118 3513 1194 3590 keep
1215 3512 1299 3571 them
1320 3513 1429 3572 within

227 3615 358 3675 bounds’

290 3713 356 3774 487.
399 3711 513 3771 Ihave
526 3713 600 3788 kept
614 3710 666 3769 the
680 3709 803 3787 reading
821 3708 856 3767 of
867 3708 919 3768 the
940 3709 1005 3766 first
1019 3706 1100 3766 hand
1117 3706 1150 3765 in
1163 3700 1206 3774 Β,
1222 3704 1320 3764 which
1333 3704 1367 3764 in
1387 3705 1428 3765 all

228 3809 280 3868 the
290 3808 366 3868 later
374 3808 462 3869 MSS.
475 3809 501 3867 is
514 3807 673 3885 corrupted
686 3810 718 3865 to
731 3805 852 3865 iubeant
859 3806 920 3865 and
934 3806 964 3864 in
974 3806 1015 3864 all
1025 3806 1135 3864 former
1142 3804 1311 3864 editionsto
1322 3802 1429 3863 lubeat.

228 3905 291 3964 But
305 3905 439 3964 Priscian
453 3923 487 3964 11
504 3905 564 3964 922
581 3905 615 3966 P.
631 3904 749 3964 teaches
763 3913 811 3963 ‘cx
830 3924 890 3963 usu
909 3903 1052 3964 aeterum’
1067 3903 1127 3962 and
1147 3923 1188 3962 on
1209 3904 1262 3962 the
1276 3901 1430 3979 authority

227 4004 262 4060 of
276 4003 328 4062 the
351 4004 549 4081 grammarian
574 4003 670 4080 Caper
687 4003 756 4062 that
776 4003 829 4062 the
850 4002 1029 4080 impersonal
1051 4001 1138 4060 verbs
1159 4000 1238 4077 piget
1252 3998 1345 4077 podet
1362 4019 1430 4075 poe

225 4099 298 4158 nitet
316 4101 410 4158 tacclct
427 4101 539 4160 61166161
554 4101 629 4160 ludet
643 4101 707 4161 licet
719 4120 797 4160 were
811 4101 969 4178 originally
977 4099 1051 4159 used
1062 4098 1229 4177 personally
1237 4097 1322 4174 pa'qco
1331 4097 1430 4174 pudeo

221 4196 354 4273 poeniteo
372 4198 469 4257 taedeo
489 4198 622 4258 manco:
643 4199 702 4257 and
716 4199 787 4257 thus
801 4218 846 4256 we
859 4198 922 4256 find
935 4200 968 4255 in
985 4198 1112 4255 Plautus
1128 4197 1182 4254 the
1195 4201 1315 4273 present
1331 4197 1430 4272 pedae

226 4292 291 4353 Cas.
307 4311 328 4352 v
342 4296 369 4368 2,
387 4294 413 4355 3.
457 4294 475 4352 Ι
496 4316 564 4372 may
577 4294 826 4373 parenthetically
840 4294 963 4352 observe
980 4295 1046 4351 that
1060 4292 1112 4351 the
1125 4291 1296 4369 participles
1308 4295 1430 4368 pudone

225 4391 325 4451 lucem
334 4392 486 4469 poenitens
499 4413 555 4453 can
568 4395 638 4470 only
652 4394 689 4452 bc
703 4390 861 4470 explained
873 4391 951 4449 from
964 4390 1025 4448 this
1038 4388 1174 4467 personal
1182 4406 1243 4459 use,
1258 4407 1351 4464 comp.
1367 4389 1429 4448 also

224 4488 297 4546 such
311 4490 530 4548 constructione
543 4510 575 4549 aa
588 4490 635 4548 se
648 4510 693 4548 me
705 4486 919 4563 letcntcsacies
933 4486 1019 4546 Truo.
1035 4485 1103 4559 114,
1120 4484 1158 4543 10
1172 4483 1214 4564 (=
1224 4482 1282 4540 360
1298 4479 1348 4562 G.)

286 4583 354 4645 488.
398 4585 460 4643 For
472 4586 526 4644 the
539 4586 641 4644 hiatus
654 4589 682 4644 st
694 4586 740 4644 ita
753 4605 802 4644 see
816 4583 934 4642 Introd.
950 4601 977 4660 p.
994 4598 1081 4640 axin.

286 4683 354 4742 489.
393 4704 451 4760 pro
467 4684 599 4743 ‘instead
613 4684 665 4742 oiz'
688 4703 735 4743 see
750 4683 829 4759 Key,
845 4681 878 4741 L.
896 4681 932 4740 (t.
949 4679 963 4758 §
980 4680 1093 4740 13616.
1135 4677 1201 4738 The
1214 4678 1321 4756 phrase
1338 4697 1431 4739 moret

212 4776 299 4854 ferre
313 4778 339 4837 ia
352 4785 385 4838 to
398 4780 435 4838 be
449 4781 607 4859 explained
620 4781 696 4840 from
710 4780 762 4838 the
776 4779 862 4839 usual
877 4776 1046 4854 expression
1060 4775 1154 4834 dotem
1158 4773 1249 4851 ferre.

286 4875 354 4935 490.
398 4876 458 4934 For
469 4877 574 4952 facim
594 4896 643 4936 see
665 4876 744 4953 Ray,
765 4874 798 4934 L.
816 4873 852 4934 G.
875 4873 890 4950 §
911 4871 1069 4933 see-‘It
1092 4891 1153 4930 was
1175 4871 1228 4930 the
1249 4874 1363 4928 custom
1384 4867 1430 4926 for

221 4972 315 5033 ladies
328 4973 363 5033 of
371 4975 448 5034 rank
460 4980 492 5033 to
503 4975 578 5035 have
591 4975 671 5035 their
684 4972 829 5052 carriagos
842 4972 947 5032 mewa
960 4971 1000 5050 by
1014 4967 1127 5030 mules'
1150 4966 1307 5027 lteram
1350 4965 1431 5024 Mar·

1282 5084 1343 5141 xa
