3300 6050
202 794 226 849 1.
240 800 263 849 l.
276 795 380 857 7—24.]
691 790 931 847 AVINLARIA.

226 982 229 989 ’
286 963 367 1032 illdc
388 964 568 1049 regredere
589 962 634 1031 ab
656 962 763 1033 estio:
791 966 874 1033 illuc
895 966 950 1035 sis.
974 967 1064 1050 uide,
1253 1029 1258 1037 .

286 1088 327 1152 ut
346 1082 481 1151 incedit
508 1087 545 1151 at
565 1083 647 1166 scin,
669 1082 737 1167 qud
758 1084 860 1151 modo
880 1085 944 1153 tibi
964 1085 1018 1153 res
1040 1106 1078 1155 se
1099 1085 1225 1154 habeti

286 1201 316 1269 si
336 1200 438 1268 hodie
459 1198 571 1268 hercle
592 1200 718 1268 fustem
739 1200 862 1289 cepero
883 1208 945 1272 aut
965 1203 1140 1271 stimulum
1161 1202 1198 1270 in
1218 1222 1366 1283 manum,

287 1318 516 1387 testddineum
536 1319 640 1386 istum
661 1318 727 1387 tibi
747 1340 811 1403 ego
832 1321 999 1405 grandibe
1020 1322 1172 1406 gradum
1380 1335 1408 1382 1⁰

709 1436 910 1505 Srarmn.
1040 1457 1043 1462 ·

226 1567 267 1633 50
288 1554 420 1621 utinem
442 1575 498 1622 me
519 1554 591 1621 diui
613 1553 756 1623 aderint
777 1554 822 1621 ad
842 1554 1062 1639 suspendium

288 1668 402 1755 potids
421 1669 568 1754 quidem,
587 1689 689 1753 quam
710 1668 775 1736 hoc
791 1667 893 1754 pecto
912 1673 998 1753 aput
1014 1672 1050 1736 te
1067 1665 1222 1735 seruiam

733 1788 879 1855 Evcnro.

288 1913 325 1978 at
343 1908 387 1977 dt
405 1908 547 1977 scelesta
563 1908 635 1977 sela
655 1928 770 1975 secum
788 1906 984 1974 mdrmurat

289 2028 404 2098 ocules
421 2029 535 2097 hercle
553 2048 617 2113 ego
638 2028 731 2110 istos,
752 2025 903 2111 inproba,
923 2024 1089 2093 ecfodiem
1108 2025 1181 2107 tibi,

286 2168 331 2215 ne
352 2169 407 2215 me
427 2126 608 2215 ebsernare
628 2143 747 2231 pessis,
768 2141 853 2228 quid
877 2140 990 2208 rerdm
1010 2162 1135 2226 geram
1380 2160 1408 2207 15

226 2281 263 2348 53
288 2267 432 2336 abscede
450 2266 554 2334 etiam
579 2285 670 2332 nnnc
691 2273 708 2311 *
730 2272 747 2310 *
768 2271 785 2309 *
807 2271 824 2309 *
845 2271 862 2309 *
884 2258 986 2327 etiam
1007 2260 1082 2343 ohe,

288 2386 365 2455 istic
384 2386 527 2478 adstote.
555 2385 585 2451 si
606 2381 719 2451 hercle
740 2386 782 2449 tu
800 2402 845 2448 ex
867 2378 953 2447 istec
973 2378 1048 2446 loco

288 2508 433 2593 digittm
451 2514 684 2577 transuersum
703 2510 764 2574 aut
782 2505 932 2590 dnguem
954 2503 1062 2601 latum
1081 2501 1273 2588 excesseris,

288 2634 349 2697 aut
371 2628 401 2695 si
422 2629 585 2715 respexis,
606 2626 765 2695 ddnicum
785 2646 850 2710 ego
868 2630 905 2691 te
923 2621 1062 2706 idssero,

288 2748 449 2817 continuo
470 2748 583 2816 hercle
604 2768 669 2831 ego
689 2753 726 2814 te
746 2745 869 2813 dedam
888 2741 1089 2827 discipulem
1107 2741 1210 2809 ornei.
1377 2760 1408 2807 ae

224 2868 268 2931 60
289 2866 515 2934 scelestiorem
533 2888 587 2934 me
603 2868 669 2934 hec
687 2889 756 2934 anu
775 2863 867 2933 certe
886 2863 956 2930 scio

288 2983 415 3052 uidisse
433 3004 628 3069 numquam,
649 2983 818 3068 nimisque
836 3002 899 3066 ego
919 2980 1006 3049 hanc
1021 2980 1137 3051 metue
1157 2982 1255 3066 male,

289 3102 401 3170 nemi
421 3099 465 3169 ex
482 3101 614 3168 insidiis
634 3101 740 3168 uerba
761 3099 959 3187 inprudenti
976 3101 1052 3170 duit
1131 3138 1135 3144 ·

288 3246 359 3293 neu
377 3223 609 3312 persentiscat,
631 3224 751 3333 atrum
769 3224 831 3291 nbi
848 3229 902 3293 est
919 3224 1176 3294 abscenditum:

203 3473 260 3540 Βγ.
329 3478 364 3530 46
380 3471 499 3543 regrede
516 3473 642 3530 abhostio
653 3473 685 3532 J.
762 3477 796 3533 47
808 3477 842 3529 ut
856 3475 980 3530 additur
992 3475 1175 3544 praecedenti
1191 3476 1295 3532 nortui
1304 3478 1337 3533 in
1349 3478 1408 3533 uod

200 3559 285 3629 patio,
296 3573 354 3612 non
371 3557 406 3613 tn
422 3557 499 3612 codd
514 3561 548 3612 nt
565 3558 641 3613 cedit
658 3558 788 3614 Bottias.
823 3562 855 3613 at
871 3559 929 3613 scin
948 3559 1144 3627 Gomcroriue,
1161 3577 1197 3614 an
1217 3562 1276 3617 scin
1291 3564 1408 3617 Parem

201 3647 266 3700 rim
276 3643 479 3701 admtotionor
497 3645 529 3699 at
539 3643 583 3710 ιῐγ
591 3651 618 3698 st
630 3645 752 3698 uidetur
762 3660 818 3698 ecee
831 3644 864 3697 in
876 3642 916 3699 B
937 3649 1004 3712 poa
1012 3643 1152 3713 quomodo
1162 3660 1270 3699 rasura
1281 3647 1407 3703 setin-1.

157 3799 162 3806 .
202 3735 238 3786 48
253 3727 348 3784 hercle
361 3728 496 3797 ‘ponitur
506 3727 590 3783 intra
605 3727 713 3783 lineam
729 3745 817 3797 cuper
831 3727 914 3784 hodie
927 3744 947 3782 a
959 3744 1051 3782 manu
1068 3729 1238 3784 remor&
1249 3731 1282 3783 in
1298 3728 1339 3798 B,
1349 3747 1406 3785 non

203 3819 239 3874 in
247 3819 290 3886 ιῙγ
301 3818 351 3874 uos·
365 3818 399 3872 in
413 3817 477 3886 ipso
491 3824 624 3873 commta
638 3817 764 3886 eapitur:
781 3819 855 3873 deest
865 3818 900 3872 in
910 3816 1076 3872 Harleiono
1087 3830 1165 3884 4704
1231 3824 1297 3885 port
1307 3833 1407 3891 cepero

204 3904 322 3963 Jdodet
333 3919 479 3959 ramma
537 3903 678 3958 inmanum
689 3902 722 3961 J.
792 3908 827 3960 49
844 3902 960 3972 egeam
972 3901 1012 3971 B,
1023 3902 1076 3957 tibi
1088 3902 1201 3971 ego-17,
1213 3902 1407 3958 dammam.

147 4006 153 4016 ·
203 3987 318 4058 gradibo
330 3986 396 4045 BJt
461 3989 655 4055 prandium
665 3989 917 4056 prandemsaccro
918 4029 971 4045 .....
976 3988 1112 4044 Plautus
1124 3990 1301 4046 Aulularia:
1320 3992 1408 4045 testu-

203 4074 315 4129 dineum
327 4073 413 4127 istnm
422 4071 476 4127 nti
487 4088 541 4142 ego
550 4072 686 4144 grandine
696 4073 814 4143 gradum
825 4073 942 4128 Nonius
951 4089 980 4128 11
984 4087 1010 4143 5,
1022 4087 1046 4142 ς.
1115 4074 1252 4144 grandibo
1262 4092 1280 4141 γ
1290 4082 1317 4130 et
1327 4063 1408 4131 Poll.

204 4157 382 4214 restodnem
397 4157 430 4217 J.
503 4165 539 4214 50
556 4159 709 4229 addam,
726 4160 853 4227 adipont
880 4159 1010 4214 Plautus
1028 4160 1212 4217 Aululon'a:
1232 4160 1339 4214 utinam
1357 4161 1409 4214 etc

205 4242 320 4298 Nouem
342 4255 385 4311 73,
405 4257 441 4314 55
464 4245 540 4312 cons.
563 4244 699 4299 Paulam
715 4245 884 4299 Diaconum
905 4261 933 4314 p
958 4244 1056 4300 2811.
1081 4245 1218 4298 ‘adarim
1244 4239 1410 4312 admovent?

204 4332 238 4382 51
255 4327 330 4398 apud
347 4327 406 4396 137,
428 4333 499 4400 aput
515 4328 548 4388 J.
625 4336 660 4386 53
684 4330 813 4386 effodiam
837 4328 919 4397 ΒιῙγ,
938 4330 1074 4386 ecfodiam
1095 4328 1218 4384 Nostius.
1294 4337 1329 4384 54
1354 4330 1408 4384 Ob·

204 4418 452 4486 uruaracurim
468 4423 496 4471 ot
509 4417 660 4486 amiciter
674 4419 788 4473 circum
803 4419 938 4486 aspicere.
972 4418 1102 4472 Plautus
1116 4414 1298 4470 Aulularia:
1315 4415 1409 4470 oculos

203 4515 256 4570 ego
273 4499 327 4557 abi
344 4500 421 4567 istos,
441 4499 572 4570 improbe,
591 4503 727 4558 ecfodiam
744 4501 805 4570 tibi,
823 4518 859 4557 ne
877 4516 922 4555 me
942 4502 1090 4557 obseruare
1108 4499 1205 4569 possis,
1224 4497 1293 4565 qnid
1314 4514 1409 4552 rernm

201 4601 306 4653 geram.
340 4585 571 4654 Nonim36ta3.
639 4595 674 4643 55
691 4595 802 4643 coeunte
816 4587 938 4644 eumn
980 4582 1408 4641 abscedetiamnunctiam

203 4684 277 4723 nnnc
288 4670 315 4722 e
323 4671 381 4724 iam
392 4670 446 4726 ohe
457 4670 500 4738 ιῐγ
509 4689 576 4728 cum
586 4691 645 4728 non
656 4674 749 4728 nudie
760 4689 812 4728 rec.
821 4673 917 4741 placet
926 4673 1015 4727 Botti
1025 4671 1276 4740 supplementum:
1291 4667 1410 4723 abscede

203 4753 291 4808 etiam
307 4771 395 4811 nunc:
419 4758 504 4812 etiarn
520 4775 601 4814 nunc
635 4761 685 4816 ΒΤ.
704 4761 846 4817 etiemnet
880 4761 940 4814 ΡΝ.
956 4758 1017 4814 cha
1087 4764 1122 4813 56
1145 4759 1236 4812 atarto
1253 4753 1294 4820 B,
1312 4754 1409 4809 adesto

204 4839 248 4905 Jr
269 4857 337 4896 cum
357 4859 421 4912 m„
443 4845 555 4901 aaran
576 4854 642 4901 utu.
664 4849 727 4903 aaa,
795 4865 831 4902 ex
852 4846 981 4902 hocloco
1001 4863 1026 4911 γ.
1096 4849 1130 4902 tr
1150 4847 1337 4898 emmenum
1359 4841 1410 4904 ss.

203 4933 237 4983 58
255 4928 409 4996 respexeris
425 4928 475 4994 ιῙγ.
544 4936 579 4986 59
596 4931 768 5002 disciplinam
785 4949 810 4999 γ.
882 4937 917 4987 60
933 4931 990 4986 scio
1011 4930 1054 4985 eie
1066 4929 1136 4996 fuit
1152 4929 1187 4983 in
1206 4928 1240 4993 J,
1257 4927 1307 4980 red
1325 4922 1410 4978 smel

202 5018 381 5068 ermumeet
447 5019 483 5072 62
498 5013 729 5084 mmmmm.
811 5013 1086 5086 excremento-1.
1161 5017 1196 5069 64
1212 5008 1411 5066 inoccinifioJ
