3300 6050
190 770 246 826 111.
259 776 283 826 2.
297 769 420 840 1³-2e.]
676 767 910 825 AVLVLARIA.

275 956 336 1023 sed
357 957 392 1023 in
413 955 554 1023 aedibus
575 956 658 1041 quid
679 955 743 1025 tibi
766 957 850 1025 meio
872 979 950 1024 nam
972 959 1046 1028 ortt
1067 961 1181 1047 negoti

189 1091 251 1159 425
277 1098 332 1145 me
353 1076 503 1161 absente,
525 1077 590 1143 uisi
612 1098 675 1162 ego
697 1078 881 1149 iusseram?
903 1080 982 1148 uolo
1003 1081 1096 1150 scire.

712 1197 887 1265 couomo.
913 1262 916 1268 .

1082 1325 1157 1387 tuoe
1178 1338 1268 1403 ergo.

275 1434 356 1519 quia
369 1433 531 1507 uenimus
545 1438 676 1501 coctum
700 1435 744 1501 ed
765 1434 911 1521 nuptias.
920 1486 941 1501 ..

719 1555 868 1622 Eueno,

911 1672 995 1758 quid
1017 1672 1054 1740 tir
1076 1674 1201 1741 malum
1223 1694 1329 1757 curae,
1365 1690 1394 1737 11

274 1788 431 1858 utrumne
451 1790 591 1859 crudum
613 1811 657 1857 ou
679 1788 811 1857 coctum
833 1790 932 1873 edim,
955 1790 1020 1856 nisi
1041 1791 1080 1860 tri
1102 1794 1185 1860 mihi
1206 1814 1243 1861 ee
1264 1790 1380 1860 tutori

707 1910 884 1977 Oououro.

273 2024 352 2093 uolo
374 2026 467 2109 seire,
490 2027 579 2093 sinae
601 2049 645 2095 an
667 2025 735 2092 uon
757 2027 848 2093 siuas
868 2048 930 2093 nos
952 2025 1096 2112 coquere
1117 2029 1255 2095 oenomi

717 2147 866 2213 Evomo.

273 2264 352 2334 uolo
373 2264 458 2333 'seire
480 2287 543 2352 ego
565 2268 646 2334 item
669 2265 762 2333 meae
784 2266 876 2333 domi
897 2286 973 2332 mea
994 2265 1090 2331 silua
1110 2264 1233 2333 future

702 2386 879 2453 Oouorro.

187 2520 253 2581 430
274 2502 405 2571 utintm
426 2524 502 2570 mea
522 2503 604 2569 mihi
626 2504 727 2570 modo
748 2503 899 2571 auferam
920 2526 1008 2590 quae
1029 2506 1095 2574 hoo
1116 2504 1225 2572 idtuli
1247 2504 1350 2571 salua„

272 2642 326 2689 me
347 2622 432 2689 haut
451 2620 611 2708 poenitet,
633 2627 693 2690 tua
714 2645 758 2690 ne
779 2623 946 2709 expetam
1361 2642 1392 2689 11

245 2922 536 2981 71112221428-431
550 2924 618 2979 hoec
634 2925 668 2978 io
686 2924 769 2979 hirris
785 2930 862 2979 extat
879 2925 1076 2994 dittoqrapltia
1093 2923 1173 2993 uolqo
1185 2931 1249 2993 port
1266 2927 1315 2980 431
1328 2898 1392 2978 eorr-

186 3010 293 3068 locata:

186 3105 249 3173 00.
273 3104 358 3191 quid
371 3109 424 3172 est
438 3127 506 3190 qua
519 3105 699 3191 prohibeas
718 3127 809 3174 nune
828 3107 937 3192 gretia
951 3128 1012 3174 nos
1028 3128 1171 3193 coquere
1185 3107 1241 3175 hic
1256 3109 1390 3175 eeuami

272 3224 355 3309 quid
375 3223 525 3307 fecimus,
549 3224 632 3309 quid
653 3225 801 3292 diximus
824 3226 887 3293 tibi
909 3228 1047 3312 sequius
1069 3249 1171 3313 quam
1193 3225 1321 3294 uelles?

185 3343 249 3410 Er.
273 3342 375 3410 etiam
397 3343 531 3427 rogitas,
555 3342 694 3410 sceleste
716 3343 816 3409 homo
839 3344 898 3429 qui
919 3345 1060 3428 angulos
1082 3345 1190 3411 omuis

185 3474 246 3541 435
272 3481 422 3527 mearum
443 3460 579 3527 aedium
600 3464 636 3527 et
657 3460 868 3526 eonelauium
890 3462 972 3527 mihi
997 3461 1304 3552 pendam-facitis?

270 3581 307 3648 id
328 3581 388 3647 ubi
409 3580 474 3648 tibi
494 3583 568 3646 erat
588 3578 770 3663 negotium,
793 3579 838 3645 ad
858 3579 971 3645 focum
993 3580 1022 3645 ei
1043 3580 1186 3661 adeum,
1356 3598 1387 3645 11

271 3721 339 3767 non
360 3700 463 3768 fissile
483 3700 626 3767 haberes
648 3702 764 3782 eaput:
787 3699 908 3765 merito
930 3699 966 3764 id
987 3699 1050 3766 tibi
1071 3698 1239 3765 factumst

187 3967 263 4021 deest
280 3966 313 4021 io
332 3965 375 4033 ,ϊγ
394 3974 420 4022 et
441 3967 572 4022 omnum
591 3966 670 4021 codd.
689 3966 863 4036 Hildyordi.
976 3975 1028 4026 424
1045 3969 1148 4041 negotii
1169 3969 1226 4040 Βγ,
1244 3967 1387 4039 uegoeiJ.

186 4055 238 4110 427
264 4055 394 4108 utrumne
415 4053 549 4121 Goyotue
572 4055 666 4107 utrum
689 4052 740 4120 Βγ
760 4055 804 4123 (io
822 4053 850 4112 J
870 4072 972 4112 uereor
990 4057 1113 4112 initium
1132 4056 1188 4126 leqi
1207 4074 1266 4112 non
1280 4056 1388 4125 potuit)

185 4138 269 4192 edum
281 4155 305 4204 γ.
358 4143 410 4194 428
426 4155 544 4209 coquere
555 4139 600 4193 hie
611 4137 642 4196 J.
696 4145 747 4196 429
765 4142 884 4208 tionum
896 4144 1098 4211 intorroqandi
1109 4143 1143 4197 io
1153 4144 1217 4210 fine
1233 4142 1388 4198 sententiae

187 4221 285 4276 delent.
355 4227 407 4280 430
424 4223 1168 4294 1144442431Η1ν12424111,4111411113111441243.
1204 4227 1388 4298 inrintoro

186 4311 214 4361 et
231 4306 314 4362 attuli
330 4309 460 4376 epatium
477 4325 605 4362 uacuum
622 4308 756 4364 relictum
772 4315 818 4363 ert.
907 4315 956 4365 431
976 4310 1050 4365 haud
1061 4310 1165 4379 penit&
1177 4309 1225 4376 ιῙγ.
1312 4312 1388 4366 tuan'

187 4396 334 4462 expetam?
362 4395 488 4462 Parem,
513 4398 658 4464 expectem
679 4394 738 4452 Ba.
829 4399 881 4448 432
910 4410 983 4448 nuno
1005 4394 1158 4448 dolendum
1180 4409 1236 4447 ereo
1260 4395 1387 4461 adparet.

186 4479 255 4550 quid
267 4484 310 4535 est
322 4483 378 4551 qut
394 4498 466 4535 nuno
484 4480 613 4551 prohibes
632 4483 725 4552 grttia
737 4497 786 4535 nos
804 4479 924 4548 coquere
939 4479 984 4534 hie
1003 4495 1099 4532 cenam
1117 4477 1246 4544 Bothiuo,
1259 4475 1389 4547 prohibes

184 4568 274 4622 otiam
284 4569 343 4623 eod.
356 4569 549 4623 Burneianus
573 4570 632 4624 228.
728 4572 780 4622 433
799 4566 834 4621 de
846 4566 957 4634 sequius
970 4565 1036 4618 uide
1049 4564 1218 4618 Corooenum
1229 4562 1297 4616 lcrit.
1309 4562 1389 4617 beitr.

185 4668 244 4707 zur
260 4651 309 4708 lot.
324 4654 466 4720 foorneol.
474 4670 505 4721 p.
520 4654 543 4709 8.
631 4670 711 4709 secus
722 4651 772 4722 Ju,
784 4668 839 4719 quo
850 4656 958 4718 mepte
971 4665 1087 4702 uersum
1098 4648 1139 4702 rio
1155 4646 1288 4701 dionetiri
1294 4647 1389 4714 poetis

184 4737 237 4792 tibi
254 4739 320 4793 secu
344 4755 427 4809 quam
450 4740 544 4794 uelles.
631 4743 684 4793 434
702 4737 785 4808 quine
808 4736 1007 4800 Hermonem,
1025 4731 1089 4800 quie
1111 4731 1241 4786 Bothiuo.
1293 4731 1388 4800 anglos

183 4822 301 4879 inolita
312 4825 428 4879 duritia
440 4827 560 4880 uidetur
570 4841 626 4881 1111
633 4824 863 4894 proferendum:
881 4822 948 4876 uide
962 4819 1132 4875 commum
1142 4817 1176 4872 do
1184 4834 1270 4886 pron.
1284 4833 1315 4872 11.
1328 4834 1388 4887 239,

183 4921 245 4978 252.
333 4909 437 4964 eoelere
449 4909 531 4965 homo
543 4909 575 4968 J.
662 4915 714 4964 435
732 4905 858 4964 miehi-1.
944 4904 1069 4976 peruium
1081 4901 1138 4969 Βγ,
1151 4902 1310 4972 peruiam-1
1321 4919 1388 4957 eum

183 4994 280 5049 tm'broe
301 4993 382 5047 Poll.
469 5001 520 5051 436
539 4995 562 5051 ui
581 4995 630 5050 uel
647 5011 675 5049 ez
694 4993 734 5050 B.
822 4997 873 5052 437
891 4994 997 5047 11213111
1016 5005 1071 5044 uon
1089 4988 1175 5043 fissile
1194 4989 1246 5042 hoe
1264 4987 1387 5042 heberee
