<?xml version="1.0" encoding="UTF-8"?>
<!DOCTYPE html PUBLIC "-//W3C//DTD XHTML 1.0 Transitional//EN"
    "http://www.w3.org/TR/xhtml1/DTD/xhtml1-transitional.dtd">
<html xmlns="http://www.w3.org/1999/xhtml" xml:lang="en" lang="en">
 <head>
  <title>
</title>
<meta http-equiv="Content-Type" content="text/html;charset=utf-8" />
  <meta name='ocr-system' content='tesseract 3.04.00' />
  <meta name='ocr-capabilities' content='ocr_page ocr_carea ocr_par ocr_line ocrx_word'/>
</head>
<body>
  <div class='ocr_page' id='page_1' title='image "./tmacciplautiaul00wagngoog_0152.png"; bbox 0 0 3300 6050; ppageno 0'>
   <div class='ocr_carea' id='block_1_1' title="bbox 338 784 1547 867">
    <p class='ocr_par' dir='ltr' id='par_1_1' title="bbox 338 784 1547 867">
     <span class='ocr_line' id='line_1_1' title="bbox 338 784 1547 867; baseline -0.005 -9"><span class='ocrx_word' id='word_1_1' title='bbox 338 784 385 859; x_wconf 88' lang='lat'><em>60</em></span> <span class='ocrx_word' id='word_1_2' title='bbox 821 794 1061 852; x_wconf 75' lang='lat' dir='ltr'><em>Avivnaara</em></span> <span class='ocrx_word' id='word_1_3' title='bbox 1307 794 1412 867; x_wconf 72' lang='lat' dir='ltr'><em>[rra.</em></span> <span class='ocrx_word' id='word_1_4' title='bbox 1431 798 1547 856; x_wconf 73' lang='lat' dir='ltr'><em>r-rr.</em></span> 
     </span>
    </p>
   </div>
   <div class='ocr_carea' id='block_1_2' title="bbox 421 985 1430 1314">
    <p class='ocr_par' dir='ltr' id='par_1_2' title="bbox 421 985 1430 1314">
     <span class='ocr_line' id='line_1_2' title="bbox 421 985 1430 1074; baseline 0 -20"><span class='ocrx_word' id='word_1_5' title='bbox 421 985 529 1055; x_wconf 74' lang='lat' dir='ltr'><em>simul</em></span> <span class='ocrx_word' id='word_1_6' title='bbox 548 986 691 1057; x_wconf 84' lang='lat' dir='ltr'><em>radebat</em></span> <span class='ocrx_word' id='word_1_7' title='bbox 712 986 857 1074; x_wconf 73' lang='lat' dir='ltr'><em>pidibus</em></span> <span class='ocrx_word' id='word_1_8' title='bbox 879 991 1004 1054; x_wconf 90' lang='lat' dir='ltr'><em>terram</em></span> <span class='ocrx_word' id='word_1_9' title='bbox 1025 988 1061 1053; x_wconf 90' lang='lat' dir='ltr'><em>et</em></span> <span class='ocrx_word' id='word_1_10' title='bbox 1081 985 1167 1054; x_wconf 81' lang='lat' dir='ltr'><em>uoce</em></span> <span class='ocrx_word' id='word_1_11' title='bbox 1188 985 1338 1054; x_wconf 79' lang='lat' dir='ltr'><em>orooibit</em></span> <span class='ocrx_word' id='word_1_12' title='bbox 1360 1007 1430 1054; x_wconf 84' lang='lat' dir='ltr'><em>sua</em></span> 
     </span>
     <span class='ocr_line' id='line_1_3' title="bbox 421 1104 1373 1193; baseline -0.004 -17"><span class='ocrx_word' id='word_1_13' title='bbox 421 1107 581 1176; x_wconf 77' lang='lat' dir='ltr'><em>cintinuo</em></span> <span class='ocrx_word' id='word_1_14' title='bbox 602 1106 714 1176; x_wconf 86' lang='lat' dir='ltr'><em>merim</em></span> <span class='ocrx_word' id='word_1_15' title='bbox 736 1129 793 1176; x_wconf 87' lang='lat' dir='ltr'><em>cor</em></span> <span class='ocrx_word' id='word_1_16' title='bbox 814 1107 927 1193; x_wconf 85' lang='lat' dir='ltr'><em>coepit</em></span> <span class='ocrx_word' id='word_1_17' title='bbox 949 1106 1057 1175; x_wconf 77' lang='lat' dir='ltr'><em>irtem</em></span> <span class='ocrx_word' id='word_1_18' title='bbox 1078 1105 1189 1173; x_wconf 87' lang='lat' dir='ltr'><em>facere</em></span> <span class='ocrx_word' id='word_1_19' title='bbox 1209 1104 1373 1173; x_wconf 79' lang='lat' dir='ltr'><em>lidioram</em></span> 
     </span>
     <span class='ocr_line' id='line_1_4' title="bbox 421 1222 1362 1314; baseline -0.004 -20"><span class='ocrx_word' id='word_1_20' title='bbox 421 1225 525 1312; x_wconf 77' lang='lat' dir='ltr'><em>itque</em></span> <span class='ocrx_word' id='word_1_21' title='bbox 546 1226 582 1295; x_wconf 92' lang='lat' dir='ltr'><em>in</em></span> <span class='ocrx_word' id='word_1_22' title='bbox 602 1232 721 1314; x_wconf 88' lang='lat' dir='ltr'><em>pectus</em></span> <span class='ocrx_word' id='word_1_23' title='bbox 744 1226 907 1295; x_wconf 73' lang='lat' dir='ltr'><em>imioare:</em></span> <span class='ocrx_word' id='word_1_24' title='bbox 937 1223 996 1291; x_wconf 75' lang='lat' dir='ltr'><em>sid</em></span> <span class='ocrx_word' id='word_1_25' title='bbox 1018 1245 1082 1309; x_wconf 85' lang='lat' dir='ltr'><em>ego</em></span> <span class='ocrx_word' id='word_1_26' title='bbox 1103 1243 1198 1291; x_wconf 87' lang='lat' dir='ltr'><em>cesso</em></span> <span class='ocrx_word' id='word_1_27' title='bbox 1220 1222 1362 1291; x_wconf 77' lang='lat' dir='ltr'><em>cirrere.</em></span> 
     </span>
    </p>
   </div>
   <div class='ocr_carea' id='block_1_3' title="bbox 236 1339 1548 1433">
    <p class='ocr_par' dir='ltr' id='par_1_3' title="bbox 236 1339 1548 1433">
     <span class='ocr_line' id='line_1_5' title="bbox 236 1339 1548 1433; baseline 0 -28"><span class='ocrx_word' id='word_1_28' title='bbox 236 1399 238 1405; x_wconf 91' lang='lat'><em>.</em></span> <span class='ocrx_word' id='word_1_29' title='bbox 336 1346 402 1411; x_wconf 87' lang='lat'><em>620</em></span> <span class='ocrx_word' id='word_1_30' title='bbox 421 1344 512 1413; x_wconf 82' lang='lat' dir='ltr'><em>foras</em></span> <span class='ocrx_word' id='word_1_31' title='bbox 523 1344 637 1433; x_wconf 84' lang='lat' dir='ltr'><em>forne,</em></span> <span class='ocrx_word' id='word_1_32' title='bbox 658 1342 831 1427; x_wconf 86' lang='lat' dir='ltr'><em>lumbrioe,</em></span> <span class='ocrx_word' id='word_1_33' title='bbox 853 1343 914 1428; x_wconf 92' lang='lat' dir='ltr'><em>qui</em></span> <span class='ocrx_word' id='word_1_34' title='bbox 935 1342 1000 1409; x_wconf 91' lang='lat' dir='ltr'><em>sub</em></span> <span class='ocrx_word' id='word_1_35' title='bbox 1020 1339 1111 1409; x_wconf 77' lang='lat' dir='ltr'><em>terra</em></span> <span class='ocrx_word' id='word_1_36' title='bbox 1132 1339 1287 1428; x_wconf 78' lang='lat' dir='ltr'>erepsisti</span> <span class='ocrx_word' id='word_1_37' title='bbox 1307 1341 1418 1424; x_wconf 87' lang='lat' dir='ltr'><em>modo,</em></span> <span class='ocrx_word' id='word_1_38' title='bbox 1461 1340 1548 1409; x_wconf 73' lang='lat' dir='ltr'><em>We</em></span> 
     </span>
    </p>
   </div>
   <div class='ocr_carea' id='block_1_4' title="bbox 337 1458 1550 2716">
    <p class='ocr_par' dir='ltr' id='par_1_4' title="bbox 337 1458 1550 2716">
     <span class='ocr_line' id='line_1_6' title="bbox 421 1458 1549 1548; baseline -0.003 -19"><span class='ocrx_word' id='word_1_39' title='bbox 421 1461 481 1548; x_wconf 84' lang='lat' dir='ltr'><em>qui</em></span> <span class='ocrx_word' id='word_1_40' title='bbox 495 1463 596 1530; x_wconf 91' lang='lat' dir='ltr'><em>modo</em></span> <span class='ocrx_word' id='word_1_41' title='bbox 610 1482 778 1547; x_wconf 85' lang='lat' dir='ltr'>nusquam</span> <span class='ocrx_word' id='word_1_42' title='bbox 792 1460 1018 1548; x_wconf 80' lang='lat' dir='ltr'><em>oinparebas:</em></span> <span class='ocrx_word' id='word_1_43' title='bbox 1048 1459 1138 1528; x_wconf 82' lang='lat' dir='ltr'><em>nino</em></span> <span class='ocrx_word' id='word_1_44' title='bbox 1152 1481 1256 1546; x_wconf 90' lang='lat' dir='ltr'><em>quom</em></span> <span class='ocrx_word' id='word_1_45' title='bbox 1270 1458 1430 1547; x_wconf 76' lang='lat' dir='ltr'><em>conparis</em></span> <span class='ocrx_word' id='word_1_46' title='bbox 1444 1461 1549 1546; x_wconf 79' lang='lat' dir='ltr'><em>peria.</em></span> 
     </span>
     <span class='ocr_line' id='line_1_7' title="bbox 423 1579 1474 1669; baseline -0.003 -20"><span class='ocrx_word' id='word_1_47' title='bbox 423 1582 485 1668; x_wconf 76' lang='lat' dir='ltr'><em>igo</em></span> <span class='ocrx_word' id='word_1_48' title='bbox 500 1583 620 1669; x_wconf 84' lang='lat' dir='ltr'>edepol</span> <span class='ocrx_word' id='word_1_49' title='bbox 634 1586 679 1665; x_wconf 87' lang='lat' dir='ltr'><em>te,</em></span> <span class='ocrx_word' id='word_1_50' title='bbox 693 1580 937 1668; x_wconf 68' lang='lat' dir='ltr'><em>praestigiator,</em></span> <span class='ocrx_word' id='word_1_51' title='bbox 952 1579 1082 1649; x_wconf 82' lang='lat' dir='ltr'><em>miseris</em></span> <span class='ocrx_word' id='word_1_52' title='bbox 1097 1582 1164 1648; x_wconf 89' lang='lat' dir='ltr'><em>iam</em></span> <span class='ocrx_word' id='word_1_53' title='bbox 1178 1580 1341 1669; x_wconf 75' lang='lat' dir='ltr'><em>aecipiim</em></span> <span class='ocrx_word' id='word_1_54' title='bbox 1355 1579 1474 1647; x_wconf 89' lang='lat' dir='ltr'><em>modis.</em></span> 
     </span>
     <span class='ocr_line' id='line_1_8' title="bbox 834 1698 1047 1767; baseline -0.005 0"><span class='ocrx_word' id='word_1_55' title='bbox 834 1698 1047 1767; x_wconf 65' lang='lat' dir='ltr'><em>araoanva</em></span> 
     </span>
     <span class='ocr_line' id='line_1_9' title="bbox 423 1812 1548 1906; baseline -0.009 -18"><span class='ocrx_word' id='word_1_56' title='bbox 423 1818 509 1906; x_wconf 76' lang='lat' dir='ltr'><em>quae</em></span> <span class='ocrx_word' id='word_1_57' title='bbox 530 1824 567 1889; x_wconf 89' lang='lat' dir='ltr'><em>te</em></span> <span class='ocrx_word' id='word_1_58' title='bbox 587 1817 676 1886; x_wconf 87' lang='lat' dir='ltr'><em>mala</em></span> <span class='ocrx_word' id='word_1_59' title='bbox 697 1838 782 1885; x_wconf 86' lang='lat' dir='ltr'><em>crux</em></span> <span class='ocrx_word' id='word_1_60' title='bbox 807 1814 937 1901; x_wconf 72' lang='lat' dir='ltr'><em>agitata</em></span> <span class='ocrx_word' id='word_1_61' title='bbox 984 1816 1069 1901; x_wconf 90' lang='lat' dir='ltr'><em>quid</em></span> <span class='ocrx_word' id='word_1_62' title='bbox 1093 1816 1157 1883; x_wconf 88' lang='lat' dir='ltr'><em>tibi</em></span> <span class='ocrx_word' id='word_1_63' title='bbox 1179 1813 1345 1883; x_wconf 76' lang='lat' dir='ltr'><em>mirumst</em></span> <span class='ocrx_word' id='word_1_64' title='bbox 1367 1812 1548 1897; x_wconf 81' lang='lat' dir='ltr'><em>conmeroi,</em></span> 
     </span>
     <span class='ocr_line' id='line_1_10' title="bbox 407 1934 1315 2006; baseline -0.006 0"><span class='ocrx_word' id='word_1_65' title='bbox 407 1996 412 2006; x_wconf 93' lang='lat'>.</span> <span class='ocrx_word' id='word_1_66' title='bbox 1187 1934 1315 2001; x_wconf 82' lang='lat' dir='ltr'><em>senexi</em></span> 
     </span>
     <span class='ocr_line' id='line_1_11' title="bbox 424 2048 1550 2142; baseline -0.008 -18"><span class='ocrx_word' id='word_1_67' title='bbox 424 2053 508 2142; x_wconf 86' lang='lat' dir='ltr'><em>quid</em></span> <span class='ocrx_word' id='word_1_68' title='bbox 520 2074 576 2123; x_wconf 90' lang='lat' dir='ltr'><em>me</em></span> <span class='ocrx_word' id='word_1_69' title='bbox 590 2052 750 2136; x_wconf 62' lang='lat' dir='ltr'><em>adflictas</em></span> <span class='ocrx_word' id='word_1_70' title='bbox 765 2050 849 2138; x_wconf 86' lang='lat' dir='ltr'><em>quid</em></span> <span class='ocrx_word' id='word_1_71' title='bbox 862 2074 918 2120; x_wconf 90' lang='lat' dir='ltr'><em>me</em></span> <span class='ocrx_word' id='word_1_72' title='bbox 930 2054 1055 2138; x_wconf 83' lang='lat' dir='ltr'><em>raptas,</em></span> <span class='ocrx_word' id='word_1_73' title='bbox 1069 2050 1138 2137; x_wconf 74' lang='lat' dir='ltr'><em>qui</em></span> <span class='ocrx_word' id='word_1_74' title='bbox 1152 2073 1208 2118; x_wconf 90' lang='lat' dir='ltr'><em>me</em></span> <span class='ocrx_word' id='word_1_75' title='bbox 1222 2071 1324 2119; x_wconf 85' lang='lat' dir='ltr'><em>causa</em></span> <span class='ocrx_word' id='word_1_76' title='bbox 1336 2048 1517 2118; x_wconf 69' lang='lat' dir='ltr'><em>uerbena?</em></span> <span class='ocrx_word' id='word_1_77' title='bbox 1534 2068 1550 2115; x_wconf 82' lang='lat'>5</span> 
     </span>
     <span class='ocr_line' id='line_1_12' title="bbox 864 2170 1014 2238; baseline 0 -1"><span class='ocrx_word' id='word_1_78' title='bbox 864 2170 1014 2238; x_wconf 78' lang='lat' dir='ltr'><em>Evcmo.</em></span> 
     </span>
     <span class='ocr_line' id='line_1_13' title="bbox 337 2286 1437 2378; baseline -0.007 -15"><span class='ocrx_word' id='word_1_79' title='bbox 337 2298 399 2378; x_wconf 81' lang='lat'><em>625</em></span> <span class='ocrx_word' id='word_1_80' title='bbox 423 2290 746 2374; x_wconf 80' lang='lat' dir='ltr'><em>uo&#39;rberabilissume,</em></span> <span class='ocrx_word' id='word_1_81' title='bbox 768 2290 872 2358; x_wconf 87' lang='lat' dir='ltr'><em>etiam</em></span> <span class='ocrx_word' id='word_1_82' title='bbox 893 2289 1042 2375; x_wconf 74' lang='lat' dir='ltr'><em>rogitasr</em></span> <span class='ocrx_word' id='word_1_83' title='bbox 1071 2311 1139 2358; x_wconf 89' lang='lat' dir='ltr'><em>non</em></span> <span class='ocrx_word' id='word_1_84' title='bbox 1160 2289 1224 2374; x_wconf 89' lang='lat' dir='ltr'><em>fur,</em></span> <span class='ocrx_word' id='word_1_85' title='bbox 1246 2287 1307 2356; x_wconf 78' lang='lat' dir='ltr'><em>sid</em></span> <span class='ocrx_word' id='word_1_86' title='bbox 1327 2286 1437 2357; x_wconf 86' lang='lat' dir='ltr'><em>trifur.</em></span> 
     </span>
     <span class='ocr_line' id='line_1_14' title="bbox 836 2409 1046 2479; baseline -0.014 0"><span class='ocrx_word' id='word_1_87' title='bbox 836 2409 1046 2479; x_wconf 74' lang='lat' dir='ltr'><em>Snaossmva</em></span> 
     </span>
     <span class='ocr_line' id='line_1_15' title="bbox 423 2529 801 2619; baseline -0.003 -18"><span class='ocrx_word' id='word_1_88' title='bbox 423 2532 507 2619; x_wconf 83' lang='lat' dir='ltr'><em>quid</em></span> <span class='ocrx_word' id='word_1_89' title='bbox 526 2531 591 2601; x_wconf 89' lang='lat' dir='ltr'><em>tibi</em></span> <span class='ocrx_word' id='word_1_90' title='bbox 611 2529 801 2619; x_wconf 80' lang='lat' dir='ltr'><em>subrnpuii</em></span> 
     </span>
     <span class='ocr_line' id='line_1_16' title="bbox 871 2648 1020 2716; baseline -0.007 0"><span class='ocrx_word' id='word_1_91' title='bbox 871 2648 1020 2716; x_wconf 80' lang='lat' dir='ltr'><em>Evomo.</em></span> 
     </span>
    </p>
   </div>
   <div class='ocr_carea' id='block_1_5' title="bbox 805 2768 1075 2837">
    <p class='ocr_par' dir='ltr' id='par_1_5' title="bbox 805 2768 1075 2837">
     <span class='ocr_line' id='line_1_17' title="bbox 805 2768 1075 2837; baseline -0.007 0"><span class='ocrx_word' id='word_1_92' title='bbox 805 2768 911 2837; x_wconf 88' lang='lat' dir='ltr'><em>redde</em></span> <span class='ocrx_word' id='word_1_93' title='bbox 932 2768 1000 2836; x_wconf 85' lang='lat' dir='ltr'><em>huo</em></span> <span class='ocrx_word' id='word_1_94' title='bbox 1020 2769 1075 2836; x_wconf 87' lang='lat' dir='ltr'><em>sis.</em></span> 
     </span>
    </p>
   </div>
   <div class='ocr_carea' id='block_1_6' title="bbox 833 2886 1550 3194">
    <p class='ocr_par' dir='ltr' id='par_1_6' title="bbox 833 2886 1550 3194">
     <span class='ocr_line' id='line_1_18' title="bbox 833 2886 1047 2955; baseline -0.014 0"><span class='ocrx_word' id='word_1_95' title='bbox 833 2886 1047 2955; x_wconf 63' lang='lat' dir='ltr'>S&#39;PROBILVS.</span> 
     </span>
     <span class='ocr_line' id='line_1_19' title="bbox 1036 3003 1550 3094; baseline 0.004 -20"><span class='ocrx_word' id='word_1_96' title='bbox 1036 3005 1120 3094; x_wconf 83' lang='lat' dir='ltr'><em>quid</em></span> <span class='ocrx_word' id='word_1_97' title='bbox 1141 3006 1205 3075; x_wconf 91' lang='lat' dir='ltr'><em>tibi</em></span> <span class='ocrx_word' id='word_1_98' title='bbox 1225 3006 1278 3074; x_wconf 91' lang='lat' dir='ltr'><em>uis</em></span> <span class='ocrx_word' id='word_1_99' title='bbox 1300 3003 1460 3076; x_wconf 79' lang='lat' dir='ltr'><em>reddimi</em></span> <span class='ocrx_word' id='word_1_100' title='bbox 1547 3012 1550 3020; x_wconf 87' lang='lat'>&#39;</span> 
     </span>
     <span class='ocr_line' id='line_1_20' title="bbox 865 3120 1360 3194; baseline -0.002 0"><span class='ocrx_word' id='word_1_101' title='bbox 865 3125 1015 3194; x_wconf 77' lang='lat' dir='ltr'><em>Evoma</em></span> <span class='ocrx_word' id='word_1_102' title='bbox 1169 3120 1171 3125; x_wconf 77' lang='grc'>’</span> <span class='ocrx_word' id='word_1_103' title='bbox 1357 3137 1360 3141; x_wconf 83' lang='grc'>’</span> 
     </span>
    </p>
   </div>
   <div class='ocr_carea' id='block_1_7' title="bbox 1423 3250 1549 3334">
    <p class='ocr_par' dir='ltr' id='par_1_7' title="bbox 1423 3250 1549 3334">
     <span class='ocr_line' id='line_1_21' title="bbox 1423 3250 1549 3334; baseline 0.024 -20"><span class='ocrx_word' id='word_1_104' title='bbox 1423 3250 1549 3334; x_wconf 74' lang='lat' dir='ltr'><em>rogas?</em></span> 
     </span>
    </p>
   </div>
   <div class='ocr_carea' id='block_1_8' title="bbox 337 3513 1547 3785">
    <p class='ocr_par' dir='ltr' id='par_1_8' title="bbox 337 3513 1547 3785">
     <span class='ocr_line' id='line_1_22' title="bbox 338 3513 1547 3612; baseline 0.004 -18"><span class='ocrx_word' id='word_1_105' title='bbox 338 3541 444 3610; x_wconf 70' lang='lat' dir='ltr'><em>lapiton</em></span> <span class='ocrx_word' id='word_1_106' title='bbox 455 3540 535 3611; x_wconf 76' lang='lat' dir='ltr'><em>opud</em></span> <span class='ocrx_word' id='word_1_107' title='bbox 546 3517 752 3596; x_wconf 66' lang='lat' dir='ltr'><em>Gomoarium</em></span> <span class='ocrx_word' id='word_1_108' title='bbox 769 3545 795 3595; x_wconf 82' lang='lat' dir='ltr'><em>ot</em></span> <span class='ocrx_word' id='word_1_109' title='bbox 812 3538 975 3597; x_wconf 70' lang='lat' dir='ltr'><em>(iratorum</em></span> <span class='ocrx_word' id='word_1_110' title='bbox 986 3547 1012 3597; x_wconf 84' lang='lat' dir='ltr'><em>et</em></span> <span class='ocrx_word' id='word_1_111' title='bbox 1024 3541 1058 3596; x_wconf 88' lang='lat' dir='ltr'><em>in</em></span> <span class='ocrx_word' id='word_1_112' title='bbox 1068 3540 1112 3609; x_wconf 70' lang='lat' dir='ltr'><em>Jr</em></span> <span class='ocrx_word' id='word_1_113' title='bbox 1120 3541 1273 3612; x_wconf 72' lang='lat' dir='ltr'><em>carnisque</em></span> <span class='ocrx_word' id='word_1_114' title='bbox 1283 3542 1373 3598; x_wconf 66' lang='lat' dir='ltr'><em>iniria.</em></span> <span class='ocrx_word' id='word_1_115' title='bbox 1445 3513 1547 3612; x_wconf 68' lang='lat' dir='ltr'><em>timere</em></span> 
     </span>
     <span class='ocr_line' id='line_1_23' title="bbox 337 3625 1546 3701; baseline -0.002 -14"><span class='ocrx_word' id='word_1_116' title='bbox 337 3631 424 3691; x_wconf 72' lang='lat' dir='ltr'><em>ests.</em></span> <span class='ocrx_word' id='word_1_117' title='bbox 494 3626 683 3694; x_wconf 66' lang='lat' dir='ltr'><em>coruosnsa</em></span> <span class='ocrx_word' id='word_1_118' title='bbox 759 3625 823 3682; x_wconf 90' lang='lat' dir='ltr'><em>leua</em></span> <span class='ocrx_word' id='word_1_119' title='bbox 836 3626 916 3694; x_wconf 69' lang='lat' dir='ltr'><em>BJr.</em></span> <span class='ocrx_word' id='word_1_120' title='bbox 989 3629 1546 3701; x_wconf 47' lang='lat' dir='ltr'><em>‚onmsitorooirsoornornmffliontuo</em></span> 
     </span>
     <span class='ocr_line' id='line_1_24' title="bbox 337 3695 1546 3785; baseline -0.002 -11"><span class='ocrx_word' id='word_1_121' title='bbox 337 3719 372 3774; x_wconf 87' lang='lat' dir='ltr'><em>in</em></span> <span class='ocrx_word' id='word_1_122' title='bbox 381 3716 539 3774; x_wconf 69' lang='lat' dir='ltr'><em>Aninirrio</em></span> <span class='ocrx_word' id='word_1_123' title='bbox 550 3722 667 3769; x_wconf 80' lang='lat' dir='ltr'><em>eantare</em></span> <span class='ocrx_word' id='word_1_124' title='bbox 678 3695 722 3768; x_wconf 80' lang='lat' dir='ltr'><em>oo&#39;a</em></span> <span class='ocrx_word' id='word_1_125' title='bbox 734 3713 829 3771; x_wconf 76' lang='lat' dir='ltr'><em>dixit:</em></span> <span class='ocrx_word' id='word_1_126' title='bbox 853 3729 908 3768; x_wconf 89' lang='lat' dir='ltr'><em>non</em></span> <span class='ocrx_word' id='word_1_127' title='bbox 919 3716 1024 3769; x_wconf 84' lang='lat' dir='ltr'><em>temere</em></span> <span class='ocrx_word' id='word_1_128' title='bbox 1036 3717 1080 3770; x_wconf 92' lang='lat' dir='ltr'><em>est</em></span> <span class='ocrx_word' id='word_1_129' title='bbox 1091 3715 1166 3785; x_wconf 81' lang='lat' dir='ltr'><em>quod</em></span> <span class='ocrx_word' id='word_1_130' title='bbox 1176 3731 1275 3770; x_wconf 80' lang='lat' dir='ltr'><em>coruus</em></span> <span class='ocrx_word' id='word_1_131' title='bbox 1286 3717 1381 3771; x_wconf 83' lang='lat' dir='ltr'><em>cantat</em></span> <span class='ocrx_word' id='word_1_132' title='bbox 1392 3715 1461 3770; x_wconf 88' lang='lat' dir='ltr'><em>mihi</em></span> <span class='ocrx_word' id='word_1_133' title='bbox 1472 3733 1546 3771; x_wconf 88' lang='lat' dir='ltr'><em>nuno</em></span> 
     </span>
    </p>
   </div>
   <div class='ocr_carea' id='block_1_9' title="bbox 338 3801 1545 3873">
    <p class='ocr_par' dir='ltr' id='par_1_9' title="bbox 338 3801 1545 3873">
     <span class='ocr_line' id='line_1_25' title="bbox 338 3801 1545 3873; baseline -0.004 -10"><span class='ocrx_word' id='word_1_134' title='bbox 338 3807 374 3863; x_wconf 87' lang='lat' dir='ltr'><em>ab</em></span> <span class='ocrx_word' id='word_1_135' title='bbox 385 3806 448 3862; x_wconf 91' lang='lat' dir='ltr'><em>leua</em></span> <span class='ocrx_word' id='word_1_136' title='bbox 459 3821 544 3860; x_wconf 89' lang='lat' dir='ltr'><em>manu</em></span> <span class='ocrx_word' id='word_1_137' title='bbox 555 3801 669 3858; x_wconf 70' lang='lat' dir='ltr'><em>Nonius</em></span> <span class='ocrx_word' id='word_1_138' title='bbox 680 3816 698 3868; x_wconf 85' lang='lat'>4</span> <span class='ocrx_word' id='word_1_139' title='bbox 700 3814 714 3871; x_wconf 82' lang='grc' dir='ltr'>ς</span> <span class='ocrx_word' id='word_1_140' title='bbox 717 3815 741 3871; x_wconf 84' lang='lat'><em>5,</em></span> <span class='ocrx_word' id='word_1_141' title='bbox 754 3801 779 3858; x_wconf 91' lang='lat'><em>8.</em></span> <span class='ocrx_word' id='word_1_142' title='bbox 868 3805 920 3861; x_wconf 85' lang='grc'><em>617</em></span> <span class='ocrx_word' id='word_1_143' title='bbox 938 3803 1023 3857; x_wconf 86' lang='lat' dir='ltr'><em>semel</em></span> <span class='ocrx_word' id='word_1_144' title='bbox 1039 3802 1120 3873; x_wconf 67' lang='lat' dir='ltr'><em>Bar,</em></span> <span class='ocrx_word' id='word_1_145' title='bbox 1133 3803 1214 3859; x_wconf 84' lang='lat' dir='ltr'><em>simul</em></span> <span class='ocrx_word' id='word_1_146' title='bbox 1226 3803 1296 3858; x_wconf 71' lang='lat' dir='ltr'><em>nori</em></span> <span class='ocrx_word' id='word_1_147' title='bbox 1303 3802 1446 3873; x_wconf 77' lang='lat' dir='ltr'><em>Noniani,</em></span> <span class='ocrx_word' id='word_1_148' title='bbox 1457 3803 1545 3859; x_wconf 87' lang='lat' dir='ltr'><em>semul</em></span> 
     </span>
    </p>
   </div>
   <div class='ocr_carea' id='block_1_10' title="bbox 338 3888 1547 4002">
    <p class='ocr_par' dir='ltr' id='par_1_10' title="bbox 338 3888 1547 4002">
     <span class='ocr_line' id='line_1_26' title="bbox 338 3888 1547 4002; baseline -0.011 -11"><span class='ocrx_word' id='word_1_149' title='bbox 338 3934 445 4002; x_wconf 73' lang='lat' dir='ltr'><em>scripsi</em></span> <span class='ocrx_word' id='word_1_150' title='bbox 455 3949 522 3987; x_wconf 85' lang='lat' dir='ltr'><em>enm</em></span> <span class='ocrx_word' id='word_1_151' title='bbox 538 3931 597 3985; x_wconf 84' lang='lat' dir='ltr'><em>eod.</em></span> <span class='ocrx_word' id='word_1_152' title='bbox 614 3929 785 3984; x_wconf 81' lang='lat' dir='ltr'><em>Bnrnoiono</em></span> <span class='ocrx_word' id='word_1_153' title='bbox 797 3931 850 3984; x_wconf 83' lang='lat'><em>228</em></span> <span class='ocrx_word' id='word_1_154' title='bbox 867 3935 894 3985; x_wconf 82' lang='lat' dir='ltr'><em>oi</em></span> <span class='ocrx_word' id='word_1_155' title='bbox 920 3929 1127 3988; x_wconf 77' lang='lat' dir='ltr'><em>Vindobononsi</em></span> <span class='ocrx_word' id='word_1_156' title='bbox 1137 3888 1215 3986; x_wconf 58' lang='grc' dir='ltr'><strong>ἷῐ-ὁὸ,</strong></span> <span class='ocrx_word' id='word_1_157' title='bbox 1306 3933 1467 4002; x_wconf 78' lang='lat' dir='ltr'><em>propriam</em></span> <span class='ocrx_word' id='word_1_158' title='bbox 1487 3951 1547 3990; x_wconf 67' lang='lat' dir='ltr'><em>wr-</em></span> 
     </span>
    </p>
   </div>
   <div class='ocr_carea' id='block_1_11' title="bbox 1137 3978 1208 4047">
    <p class='ocr_par' dir='ltr' id='par_1_11' title="bbox 1137 3978 1208 4047">
     <span class='ocr_line' id='line_1_27' title="bbox 1137 3978 1208 4047; baseline -0.028 0"><span class='ocrx_word' id='word_1_159' title='bbox 1137 3978 1208 4047; x_wconf 61' lang='lat'><em>4290</em></span> 
     </span>
    </p>
   </div>
   <div class='ocr_carea' id='block_1_12' title="bbox 336 4056 1547 4306">
    <p class='ocr_par' dir='ltr' id='par_1_12' title="bbox 336 4056 1547 4306">
     <span class='ocr_line' id='line_1_28' title="bbox 338 4056 1547 4121; baseline 0.003 -5"><span class='ocrx_word' id='word_1_160' title='bbox 338 4076 444 4116; x_wconf 82' lang='lat' dir='ltr'><em>nornnr</em></span> <span class='ocrx_word' id='word_1_161' title='bbox 465 4073 562 4112; x_wconf 79' lang='lat' dir='ltr'><em>nocent</em></span> <span class='ocrx_word' id='word_1_162' title='bbox 582 4056 741 4111; x_wconf 77' lang='lat' dir='ltr'><em>ororiitnnr</em></span> <span class='ocrx_word' id='word_1_163' title='bbox 759 4064 867 4114; x_wconf 75' lang='lat' dir='ltr'><em>aeterra</em></span> <span class='ocrx_word' id='word_1_164' title='bbox 887 4074 943 4114; x_wconf 81' lang='lat' dir='ltr'><em>osso</em></span> <span class='ocrx_word' id='word_1_165' title='bbox 960 4060 1123 4117; x_wconf 69' lang='lat' dir='ltr'><em>noluerant.</em></span> <span class='ocrx_word' id='word_1_166' title='bbox 1166 4062 1294 4118; x_wconf 76' lang='lat' dir='ltr'><em>Planina</em></span> <span class='ocrx_word' id='word_1_167' title='bbox 1312 4062 1347 4118; x_wconf 87' lang='lat' dir='ltr'><em>in</em></span> <span class='ocrx_word' id='word_1_168' title='bbox 1367 4062 1547 4121; x_wconf 75' lang='lat' dir='ltr'><em>Aulularia:</em></span> 
     </span>
     <span class='ocr_line' id='line_1_29' title="bbox 338 4141 1546 4219; baseline 0.007 -20"><span class='ocrx_word' id='word_1_169' title='bbox 338 4143 420 4199; x_wconf 87' lang='lat' dir='ltr'><em>simul</em></span> <span class='ocrx_word' id='word_1_170' title='bbox 436 4141 555 4197; x_wconf 86' lang='lat' dir='ltr'><em>radebat</em></span> <span class='ocrx_word' id='word_1_171' title='bbox 570 4142 688 4212; x_wconf 88' lang='lat' dir='ltr'><em>pedibus</em></span> <span class='ocrx_word' id='word_1_172' title='bbox 706 4144 810 4198; x_wconf 86' lang='lat' dir='ltr'><em>terram</em></span> <span class='ocrx_word' id='word_1_173' title='bbox 829 4147 860 4200; x_wconf 89' lang='lat' dir='ltr'><em>et</em></span> <span class='ocrx_word' id='word_1_174' title='bbox 877 4161 946 4200; x_wconf 88' lang='lat' dir='ltr'><em>uoee</em></span> <span class='ocrx_word' id='word_1_175' title='bbox 963 4148 1085 4204; x_wconf 86' lang='lat' dir='ltr'><em>eroeibat</em></span> <span class='ocrx_word' id='word_1_176' title='bbox 1102 4165 1158 4204; x_wconf 83' lang='lat' dir='ltr'><em>sua</em></span> <span class='ocrx_word' id='word_1_177' title='bbox 1192 4149 1310 4205; x_wconf 72' lang='lat' dir='ltr'><em>Nonius</em></span> <span class='ocrx_word' id='word_1_178' title='bbox 1326 4163 1370 4219; x_wconf 84' lang='lat'><em>45,</em></span> <span class='ocrx_word' id='word_1_179' title='bbox 1383 4166 1425 4205; x_wconf 91' lang='lat'><em>20.</em></span> <span class='ocrx_word' id='word_1_180' title='bbox 1460 4151 1497 4206; x_wconf 81' lang='lat' dir='ltr'><em>do</em></span> <span class='ocrx_word' id='word_1_181' title='bbox 1513 4151 1546 4207; x_wconf 88' lang='lat' dir='ltr'>B</span> 
     </span>
     <span class='ocr_line' id='line_1_30' title="bbox 336 4227 1546 4306; baseline 0.01 -21"><span class='ocrx_word' id='word_1_182' title='bbox 336 4245 395 4285; x_wconf 85' lang='lat' dir='ltr'><em>non</em></span> <span class='ocrx_word' id='word_1_183' title='bbox 411 4234 533 4285; x_wconf 83' lang='lat' dir='ltr'><em>eorntot:</em></span> <span class='ocrx_word' id='word_1_184' title='bbox 562 4228 687 4299; x_wconf 81' lang='lat' dir='ltr'><em>grooibat</em></span> <span class='ocrx_word' id='word_1_185' title='bbox 706 4227 902 4302; x_wconf 70' lang='lat' dir='ltr'><em>camerarius,</em></span> <span class='ocrx_word' id='word_1_186' title='bbox 919 4232 1042 4290; x_wconf 82' lang='lat' dir='ltr'><em>oroeibat</em></span> <span class='ocrx_word' id='word_1_187' title='bbox 1059 4236 1183 4306; x_wconf 74' lang='lat' dir='ltr'><em>Porrus,</em></span> <span class='ocrx_word' id='word_1_188' title='bbox 1201 4236 1363 4306; x_wconf 80' lang='lat' dir='ltr'><em>grooehibat</em></span> <span class='ocrx_word' id='word_1_189' title='bbox 1388 4236 1546 4297; x_wconf 69' lang='lat' dir='ltr'><em>erotem</em></span> 
     </span>
    </p>
   </div>
   <div class='ocr_carea' id='block_1_13' title="bbox 332 4307 1551 4850">
    <p class='ocr_par' dir='ltr' id='par_1_13' title="bbox 332 4307 1547 4504">
     <span class='ocr_line' id='line_1_31' title="bbox 337 4307 1547 4419; baseline 0.008 -22"><span class='ocrx_word' id='word_1_190' title='bbox 337 4341 497 4412; x_wconf 85' lang='lat' dir='ltr'><em>groechibat</em></span> <span class='ocrx_word' id='word_1_191' title='bbox 507 4340 539 4411; x_wconf 80' lang='lat' dir='ltr'><em>J,</em></span> <span class='ocrx_word' id='word_1_192' title='bbox 551 4307 710 4412; x_wconf 58' lang='lat' dir='ltr'><em>{ro‘iehibat</em></span> <span class='ocrx_word' id='word_1_193' title='bbox 720 4359 745 4412; x_wconf 85' lang='grc' dir='ltr'><em>γ,</em></span> <span class='ocrx_word' id='word_1_194' title='bbox 758 4344 912 4401; x_wconf 86' lang='lat' dir='ltr'><em>oroeitebat</em></span> <span class='ocrx_word' id='word_1_195' title='bbox 932 4346 966 4400; x_wconf 91' lang='lat' dir='ltr'><em>in</em></span> <span class='ocrx_word' id='word_1_196' title='bbox 983 4363 1041 4401; x_wconf 87' lang='lat' dir='ltr'><em>nno</em></span> <span class='ocrx_word' id='word_1_197' title='bbox 1058 4347 1127 4402; x_wconf 83' lang='lat' dir='ltr'><em>Pol.</em></span> <span class='ocrx_word' id='word_1_198' title='bbox 1139 4365 1215 4406; x_wconf 82' lang='lat' dir='ltr'><em>corr.</em></span> <span class='ocrx_word' id='word_1_199' title='bbox 1277 4365 1337 4419; x_wconf 81' lang='lat' dir='ltr'><em>pro</em></span> <span class='ocrx_word' id='word_1_200' title='bbox 1353 4364 1404 4404; x_wconf 83' lang='lat' dir='ltr'><em>sua</em></span> <span class='ocrx_word' id='word_1_201' title='bbox 1419 4349 1547 4407; x_wconf 72' lang='lat' dir='ltr'><em>Botiino</em></span> 
     </span>
     <span class='ocr_line' id='line_1_32' title="bbox 332 4429 1196 4504; baseline 0.009 -20"><span class='ocrx_word' id='word_1_202' title='bbox 332 4429 436 4499; x_wconf 68' lang='lat' dir='ltr'><em>periero</em></span> <span class='ocrx_word' id='word_1_203' title='bbox 447 4429 512 4485; x_wconf 80' lang='lat' dir='ltr'><em>fera.</em></span> <span class='ocrx_word' id='word_1_204' title='bbox 583 4436 634 4486; x_wconf 88' lang='lat'><em>618</em></span> <span class='ocrx_word' id='word_1_205' title='bbox 651 4445 760 4486; x_wconf 90' lang='lat' dir='ltr'><em>meeum</em></span> <span class='ocrx_word' id='word_1_206' title='bbox 772 4430 832 4504; x_wconf 86' lang='lat' dir='ltr'><em>Bo,</em></span> <span class='ocrx_word' id='word_1_207' title='bbox 844 4450 937 4489; x_wconf 90' lang='lat' dir='ltr'><em>meum</em></span> <span class='ocrx_word' id='word_1_208' title='bbox 949 4431 998 4490; x_wconf 81' lang='lat' dir='ltr'><em>Bo</em></span> <span class='ocrx_word' id='word_1_209' title='bbox 1011 4450 1077 4488; x_wconf 85' lang='lat' dir='ltr'><em>onrn</em></span> <span class='ocrx_word' id='word_1_210' title='bbox 1088 4436 1196 4493; x_wconf 71' lang='lat' dir='ltr'><em>notoria.</em></span> 
     </span>
    </p>

    <p class='ocr_par' dir='ltr' id='par_1_14' title="bbox 388 4515 765 4584">
     <span class='ocr_line' id='line_1_33' title="bbox 388 4515 765 4584; baseline 0.011 -13"><span class='ocrx_word' id='word_1_211' title='bbox 388 4516 493 4571; x_wconf 78' lang='lat' dir='ltr'><em>Evomo</em></span> <span class='ocrx_word' id='word_1_212' title='bbox 511 4515 666 4574; x_wconf 76' lang='lat' dir='ltr'><em>Sraoanvs</em></span> <span class='ocrx_word' id='word_1_213' title='bbox 684 4515 765 4584; x_wconf 73' lang='lat' dir='ltr'><em>BJr.</em></span> 
     </span>
    </p>

    <p class='ocr_par' dir='ltr' id='par_1_15' title="bbox 333 4601 1551 4850">
     <span class='ocr_line' id='line_1_34' title="bbox 391 4601 1545 4679; baseline 0.008 -21"><span class='ocrx_word' id='word_1_214' title='bbox 391 4608 442 4658; x_wconf 87' lang='grc'><em>620</em></span> <span class='ocrx_word' id='word_1_215' title='bbox 459 4601 532 4656; x_wconf 82' lang='lat' dir='ltr'><em>foras</em></span> <span class='ocrx_word' id='word_1_216' title='bbox 544 4603 629 4656; x_wconf 79' lang='lat' dir='ltr'><em>romei</em></span> <span class='ocrx_word' id='word_1_217' title='bbox 643 4610 758 4659; x_wconf 78' lang='lat' dir='ltr'><em>ioniam</em></span> <span class='ocrx_word' id='word_1_218' title='bbox 772 4604 877 4673; x_wconf 71' lang='lat' dir='ltr'><em>iepitnr</em></span> <span class='ocrx_word' id='word_1_219' title='bbox 894 4607 929 4662; x_wconf 91' lang='lat' dir='ltr'><em>in</em></span> <span class='ocrx_word' id='word_1_220' title='bbox 939 4607 1024 4662; x_wconf 68' lang='lat' dir='ltr'><em>libris</em></span> <span class='ocrx_word' id='word_1_221' title='bbox 1035 4609 1167 4665; x_wconf 75' lang='lat' dir='ltr'><em>omniiuo</em></span> <span class='ocrx_word' id='word_1_222' title='bbox 1178 4616 1289 4679; x_wconf 74' lang='lat' dir='ltr'><em>recepto</em></span> <span class='ocrx_word' id='word_1_223' title='bbox 1302 4608 1545 4678; x_wconf 72' lang='lat' dir='ltr'><em>Gareisorbyiano:</em></span> 
     </span>
     <span class='ocr_line' id='line_1_35' title="bbox 333 4686 1548 4764; baseline 0.006 -20"><span class='ocrx_word' id='word_1_224' title='bbox 333 4689 536 4757; x_wconf 62' lang='lat' dir='ltr'><em>nominarant</em></span> <span class='ocrx_word' id='word_1_225' title='bbox 552 4687 614 4741; x_wconf 85' lang='lat' dir='ltr'><em>iarn</em></span> <span class='ocrx_word' id='word_1_226' title='bbox 627 4686 821 4746; x_wconf 71' lang='lat' dir='ltr'><em>Oomnorirn.</em></span> <span class='ocrx_word' id='word_1_227' title='bbox 891 4694 970 4747; x_wconf 76' lang='lat' dir='ltr'><em>inter</em></span> <span class='ocrx_word' id='word_1_228' title='bbox 987 4695 1114 4764; x_wconf 80' lang='lat' dir='ltr'><em>erepsisti</em></span> <span class='ocrx_word' id='word_1_229' title='bbox 1131 4702 1157 4749; x_wconf 81' lang='lat' dir='ltr'><em>et</em></span> <span class='ocrx_word' id='word_1_230' title='bbox 1174 4695 1256 4750; x_wconf 87' lang='lat' dir='ltr'><em>modo</em></span> <span class='ocrx_word' id='word_1_231' title='bbox 1270 4696 1400 4764; x_wconf 80' lang='lat' dir='ltr'><em>spatium</em></span> <span class='ocrx_word' id='word_1_232' title='bbox 1417 4712 1548 4751; x_wconf 81' lang='lat' dir='ltr'><em>uacuam</em></span> 
     </span>
     <span class='ocr_line' id='line_1_36' title="bbox 337 4772 1551 4850; baseline 0.01 -23"><span class='ocrx_word' id='word_1_233' title='bbox 337 4773 472 4828; x_wconf 78' lang='lat' dir='ltr'><em>relietum</em></span> <span class='ocrx_word' id='word_1_234' title='bbox 487 4773 521 4826; x_wconf 89' lang='lat' dir='ltr'><em>in</em></span> <span class='ocrx_word' id='word_1_235' title='bbox 532 4772 564 4829; x_wconf 75' lang='lat' dir='ltr'><em>J.</em></span> <span class='ocrx_word' id='word_1_236' title='bbox 636 4779 685 4830; x_wconf 90' lang='grc'><em>621</em></span> <span class='ocrx_word' id='word_1_237' title='bbox 705 4792 768 4832; x_wconf 86' lang='lat' dir='ltr'><em>oum</em></span> <span class='ocrx_word' id='word_1_238' title='bbox 784 4793 926 4847; x_wconf 82' lang='lat' dir='ltr'><em>compares</em></span> <span class='ocrx_word' id='word_1_239' title='bbox 937 4777 970 4834; x_wconf 81' lang='lat' dir='ltr'><em>J.</em></span> <span class='ocrx_word' id='word_1_240' title='bbox 1039 4785 1091 4835; x_wconf 91' lang='grc'><em>622</em></span> <span class='ocrx_word' id='word_1_241' title='bbox 1108 4781 1287 4850; x_wconf 78' lang='lat' dir='ltr'><em>prestigiator</em></span> <span class='ocrx_word' id='word_1_242' title='bbox 1303 4780 1384 4850; x_wconf 70' lang='lat' dir='ltr'><em>BJr,</em></span> <span class='ocrx_word' id='word_1_243' title='bbox 1396 4782 1457 4836; x_wconf 70' lang='lat' dir='ltr'><em>niai</em></span> <span class='ocrx_word' id='word_1_244' title='bbox 1470 4785 1551 4850; x_wconf 75' lang='lat' dir='ltr'><em>qnod</em></span> 
     </span>
    </p>
   </div>
   <div class='ocr_carea' id='block_1_14' title="bbox 336 4856 1548 5127">
    <p class='ocr_par' dir='ltr' id='par_1_16' title="bbox 336 4856 1548 5127">
     <span class='ocr_line' id='line_1_37' title="bbox 336 4856 1546 4966; baseline 0.007 -33"><span class='ocrx_word' id='word_1_245' title='bbox 336 4875 548 4946; x_wconf 81' lang='lat' dir='ltr'><em>praestrigiator</em></span> <span class='ocrx_word' id='word_1_246' title='bbox 560 4875 705 4934; x_wconf 68' lang='lat' dir='ltr'><em>(iratam</em></span> <span class='ocrx_word' id='word_1_247' title='bbox 716 4879 749 4934; x_wconf 89' lang='lat' dir='ltr'><em>in</em></span> <span class='ocrx_word' id='word_1_248' title='bbox 764 4879 796 4938; x_wconf 88' lang='lat' dir='ltr'>B</span> <span class='ocrx_word' id='word_1_249' title='bbox 808 4897 864 4936; x_wconf 77' lang='lat' dir='ltr'><em>orso</em></span> <span class='ocrx_word' id='word_1_250' title='bbox 875 4881 953 4938; x_wconf 76' lang='lat' dir='ltr'><em>dieii.</em></span> <span class='ocrx_word' id='word_1_251' title='bbox 1021 4856 1106 4966; x_wconf 64' lang='lat' dir='ltr'><em>midis</em></span> <span class='ocrx_word' id='word_1_252' title='bbox 1123 4882 1158 4942; x_wconf 80' lang='lat' dir='ltr'><em>J.</em></span> <span class='ocrx_word' id='word_1_253' title='bbox 1228 4890 1279 4941; x_wconf 88' lang='grc'><em>623</em></span> <span class='ocrx_word' id='word_1_254' title='bbox 1296 4883 1444 4942; x_wconf 85' lang='lat' dir='ltr'><em>oonmereii</em></span> <span class='ocrx_word' id='word_1_255' title='bbox 1460 4883 1546 4954; x_wconf 67' lang='grc' dir='ltr'><strong>Βιῐγ.</strong></span> 
     </span>
     <span class='ocr_line' id='line_1_38' title="bbox 337 4962 1548 5043; baseline 0.007 -24"><span class='ocrx_word' id='word_1_256' title='bbox 337 4967 389 5019; x_wconf 85' lang='grc'><em>625</em></span> <span class='ocrx_word' id='word_1_257' title='bbox 405 4962 676 5022; x_wconf 84' lang='lat' dir='ltr'><em>uerbereiissumeB</em></span> <span class='ocrx_word' id='word_1_258' title='bbox 690 4965 726 5035; x_wconf 74' lang='lat' dir='ltr'><em>(ri</em></span> <span class='ocrx_word' id='word_1_259' title='bbox 736 4966 1265 5039; x_wconf 55' lang='lat' dir='ltr'><em>Percennioruerberabffissumesr.</em></span> <span class='ocrx_word' id='word_1_260' title='bbox 1348 4977 1401 5030; x_wconf 90' lang='grc'><em>626</em></span> <span class='ocrx_word' id='word_1_261' title='bbox 1418 4971 1548 5043; x_wconf 83' lang='lat' dir='ltr'><em>subripui</em></span> 
     </span>
     <span class='ocr_line' id='line_1_39' title="bbox 336 5046 1548 5127; baseline 0.012 -23"><span class='ocrx_word' id='word_1_262' title='bbox 336 5046 420 5118; x_wconf 67' lang='grc' dir='ltr'><em>Βσγ.</em></span> <span class='ocrx_word' id='word_1_263' title='bbox 505 5047 543 5106; x_wconf 79' lang='lat' dir='ltr'><em>sia</em></span> <span class='ocrx_word' id='word_1_264' title='bbox 556 5047 614 5119; x_wconf 80' lang='grc' dir='ltr'><em>Βγ,</em></span> <span class='ocrx_word' id='word_1_265' title='bbox 625 5048 678 5108; x_wconf 82' lang='lat' dir='ltr'><em>seis</em></span> <span class='ocrx_word' id='word_1_266' title='bbox 688 5050 722 5111; x_wconf 80' lang='lat' dir='ltr'><em>J.</em></span> <span class='ocrx_word' id='word_1_267' title='bbox 801 5050 907 5122; x_wconf 80' lang='lat' dir='ltr'><em>rogites</em></span> <span class='ocrx_word' id='word_1_268' title='bbox 920 5050 995 5122; x_wconf 77' lang='lat' dir='ltr'><em>BJr</em></span> <span class='ocrx_word' id='word_1_269' title='bbox 1005 5070 1020 5112; x_wconf 79' lang='lat' dir='ltr'><em>o</em></span> <span class='ocrx_word' id='word_1_270' title='bbox 1030 5071 1119 5114; x_wconf 78' lang='lat' dir='ltr'><em>noran</em></span> <span class='ocrx_word' id='word_1_271' title='bbox 1128 5058 1325 5127; x_wconf 69' lang='lat' dir='ltr'><em>marcedonii.</em></span> <span class='ocrx_word' id='word_1_272' title='bbox 1405 5062 1459 5121; x_wconf 84' lang='grc'><em>627</em></span> <span class='ocrx_word' id='word_1_273' title='bbox 1475 5059 1548 5119; x_wconf 86' lang='lat' dir='ltr'><em>nihil</em></span> 
     </span>
    </p>
   </div>
   <div class='ocr_carea' id='block_1_15' title="bbox 0 0 1654 6050">
    <p class='ocr_par' dir='ltr' id='par_1_17' title="bbox 0 0 1654 6050">
     <span class='ocr_line' id='line_1_40' title="bbox 0 0 1654 6050; baseline 0 1"><span class='ocrx_word' id='word_1_274' title='bbox 0 0 1654 6050; x_wconf 95' lang='lat' dir='ltr'><em> </em></span> 
     </span>
    </p>
   </div>
  </div>
 </body>
</html>
