3300 6050
325 778 374 851 34
804 753 1043 813 arevalum.
1121 757 1123 761 ⁴
1314 746 1366 817 [ιι.
1379 751 1403 800 ι
1417 747 1535 801 ιιι-44,

411 950 455 1018 ab
476 949 561 1018 istie
582 967 662 1016 sene
683 948 724 1012 nt
744 942 805 1012 det
826 939 885 1028 qni
906 940 1027 1008 fiamus
1048 936 1169 1005 liberii

823 1060 1037 1129 Srnonrnvs

414 1190 536 1258 famem
558 1185 671 1253 hirole
692 1181 863 1263 utendam,
886 1179 914 1246 si
936 1198 1042 1263 roges,
1064 1173 1251 1260 numquam
1272 1173 1376 1241 dabit

331 1329 395 1392 310
415 1310 499 1396 quin
520 1308 586 1393 ipsi
606 1305 738 1393 pridem
759 1301 877 1371 tdnsor
897 1298 1021 1384 unguis
1042 1295 1219 1376 dtmserat

416 1428 569 1511 conligit,
591 1424 703 1493 omnia
724 1421 868 1490 {abstulit
885 1415 1125 1505 praesigmina

845 1542 1021 1609 Oouenro

420 1668 540 1754 edepdl
561 1664 737 1734 mortalem
758 1662 861 1748 pirae
883 1679 1023 1746 paroum
1044 1653 1227 1741 praedicas„

420 1785 541 1853 censen
563 1805 645 1851 uero
666 1783 751 1850 adeo
772 1778 872 1866 pirae
892 1783 929 1847 et
948 1776 1070 1843 misere
1091 1773 1228 1840 uiueret

833 1898 1042 1965 srnomnvs.

421 2019 632 2106 pulmtntum
653 2016 785 2103 pridem
806 2014 838 2083 ei
860 2013 1011 2099 deripuit
1032 2012 1163 2080 miluos

340 2155 399 2223 315
424 2141 524 2207 homo
547 2137 591 2205 ld
611 2141 802 2222 praetorem
824 2132 1054 2220 pldrabnndus
1075 2130 1222 2214 deuenit,

423 2256 501 2325 iniit
521 2257 570 2322 ibi
590 2252 763 2341 postulare
784 2252 920 2337 plorans
942 2248 1079 2332 eiulans,

425 2363 465 2444 ut
485 2376 549 2443 sibi
570 2376 687 2442 lioeret
707 2370 849 2439 miluom
868 2368 1034 2436 uadarier.

425 2495 576 2563 sescenta
597 2496 685 2575 sunt,
708 2511 795 2576 qnae
816 2486 1006 2570 memorem,
1029 2484 1059 2552 si
1080 2484 1125 2551 sit
1146 2481 1262 2550 dtium.

426 2613 487 2680 sed
508 2612 586 2681 ntdr
606 2612 831 2679 nostrorumst
852 2604 1008 2673 celeriori
1037 2599 1186 2670 memori
1207 2600 1299 2667 mihi.

848 2727 1029 2793 Consano.

344 2866 407 2929 320
427 2869 491 2935 ego
512 2853 552 2917 nt
573 2848 681 2916 mdlto
701 2847 829 2915 melior.

840 2964 1049 3032 Srnomnvs
1086 2948 1088 2951 ’

849 3083 966 3151 odeum
988 3105 1060 3168 ego,
1083 3105 1151 3150 nou
1173 3082 1282 3150 furem
1303 3106 1395 3170 rogo.

861 3205 1028 3270 Anmax,

428 3346 544 3393 cocum
567 3323 630 3410 ego
650 3345 701 3393 me
722 3324 810 3391 dieo.

342 3528 423 3582 latur
434 3526 583 3582 Bentleiue
594 3529 634 3583 ad
651 3528 713 3585 Ter.
725 3530 850 3585 Pllorm.
862 3544 905 3584 ιιι.
917 3543 943 3597 3.
956 3543 981 3595 2,
993 3531 1102 3597 potesse
1115 3528 1162 3583 uel
1172 3545 1252 3599 posse
1263 3530 1320 3585 alii
1330 3531 1408 3586 lutri.
1438 3534 1549 3589 emerrd

343 3615 410 3670 diae.
428 3629 455 3682 p.
474 3628 517 3682 33,
536 3614 587 3669 uli
607 3622 701 3670 lamen
712 3615 811 3681 fanu
831 3631 897 3669 eum
917 3615 953 3669 de
969 3611 1008 3669 B.
1078 3619 1130 3668 310
1148 3631 1169 3668 s.
1196 3614 1406 3683 Praerepneiua
1424 3617 1551 3686 proprie

343 3702 471 3757 Plautus
482 3701 516 3755 in
528 3701 692 3758 Aulularia
708 3719 742 3758 ea
755 3701 818 3757 diei
832 3702 927 3757 uiua
936 3717 1012 3770 pirae
1021 3700 1165 3768 unpuibue
1176 3701 1314 3757 eminulis
1321 3705 1549 3771 praecocuntur:

343 3787 408 3856 quin
420 3787 480 3855 ipse
491 3785 603 3854 quidem
615 3790 710 3842 tonsor
721 3802 829 3855 ungues
840 3786 967 3852 deserat3
986 3785 1112 3854 Collegit,
1123 3785 1214 3839 omnia
1225 3784 1341 3840 abstulit
1351 3787 1550 3857 praesegmina

345 3873 461 3926 Nonius
483 3885 540 3939 151,
565 3888 606 3938 30.
643 3872 786 3940 Oollipere,
810 3873 929 3939 auferre
932 3914 995 3927 ......
998 3871 1125 3927 Plautus
1149 3871 1181 3925 in
1203 3871 1381 3926 Aulularia:
1406 3871 1473 3941 quin
1489 3871 1552 3943 ipso

345 3954 453 4024 pridem
470 3957 565 4007 tonsor
582 3955 680 4022 rmgais
698 3954 863 4023 dempserat,
879 3954 1006 4024 Collegit,
1018 3955 1110 4010 omnia
1127 3955 1242 4010 abstulit
1258 3955 1456 4025 praesegmina
1491 3956 1552 4012 Ne

346 4038 415 4092 niue
427 4051 487 4105 273,
497 4037 537 4090 28.
574 4036 627 4104 Qui
638 4037 746 4108 pridem
758 4042 854 4095 tonsor
864 4056 969 4110 ungnes
982 4041 1156 4111 depresserat
1167 4040 1192 4100 J
1203 4058 1269 4096 cuna
1279 4040 1373 4109 spatio
1384 4056 1477 4094 uacuo
1483 4051 1554 4110 put

346 4147 452 4200 ungues
464 4129 568 4185 relicto.
603 4107 709 4207 unguis
728 4131 889 4203 dempserat
901 4152 928 4200 γ.
994 4141 1046 4191 313
1063 4134 1096 4192 Β
1113 4135 1193 4191 nater
1210 4135 1259 4190 ilie
1271 4150 1428 4204 persenam
1446 4135 1513 4192 Srn.
1527 4145 1553 4194 et

345 4233 397 4284 seq.
409 4233 499 4272 uersu
511 4216 584 4285 (loa,
597 4216 631 4270 in
641 4215 667 4273 J
678 4217 787 4272 iterum
794 4234 935 4287 perronae
947 4219 1057 4275 damni.
1135 4226 1187 4277 313
1199 4236 1259 4275 esse
1270 4235 1383 4289 parcum
1395 4218 1478 4290 Bru,
1491 4238 1553 4278 esse

346 4303 452 4358 deleuit
463 4302 595 4370 Botulus,
608 4319 691 4372 parce
706 4303 820 4373 aeripei.
901 4310 953 4360 314
966 4305 1077 4373 eiripuit
1088 4303 1147 4373 Ba,
1161 4304 1187 4360 ei
1199 4304 1303 4375 eripuit
1314 4302 1387 4368 Bau
1421 4304 1450 4360 ei
1462 4304 1552 4376 eripui

345 4407 412 4446 curn
423 4407 530 4446 ruoura
545 4390 636 4444 unius
652 4390 766 4445 litterae
780 4390 814 4446 in
824 4392 894 4458 fine.
931 4390 1052 4460 deripuit
1066 4391 1246 4446 Gulielmius,
1272 4390 1366 4458 poeria
1377 4406 1488 4459 quoque
1499 4391 1551 4447 eri-

346 4476 407 4546 puit
419 4475 445 4530 ei
456 4475 564 4530 milnos.
599 4473 698 4530 miluus
715 4475 747 4544 J,
759 4476 870 4531 miluins
886 4494 904 4541 γ
918 4491 984 4530 eum
1001 4475 1183 4531 adnotatione
1200 4475 1247 4530 alii
1264 4474 1373 4529 miluus.
1444 4480 1496 4531 315
1508 4476 1552 4530 de

342 4559 543 4627 plorabundus
557 4577 616 4628 pro
635 4559 797 4629 deplorans.
832 4559 961 4615 Plautue
981 4561 1015 4614 in
1037 4559 1214 4615 Aulularia:
1233 4560 1315 4614 homo
1336 4558 1374 4612 nd
1394 4562 1552 4628 praetorem

346 4643 424 4697 uenit
447 4642 675 4713 deplorabundus.
711 4647 831 4702 Noniue
852 4660 911 4716 509,
932 4661 959 4715 9.
992 4644 1143 4714 plorandus
1164 4644 1277 4701 deuenit
1300 4642 1340 4713 Β,
1361 4643 1553 4714 plorabundus

347 4724 460 4779 deuenit
476 4726 519 4793 ιῐγ
535 4744 602 4783 eum
620 4730 698 4784 Pali.
769 4735 820 4785 316
839 4730 927 4784 eiulas
945 4727 997 4784 Ba
1014 4729 1104 4796 quode
1121 4730 1190 4785 uide
1209 4729 1400 4785 Goreeennum
1420 4728 1456 4783 de
1466 4744 1554 4797 pren

348 4825 366 4863 ι.
379 4822 420 4878 97.
457 4810 562 4866 eirrlnns
573 4811 697 4869 Binum
708 4814 814 4870 celeris.
885 4822 936 4871 318
949 4815 1143 4882 sexcenta-1¹1.
1178 4814 1311 4874 ocium-1.
1382 4820 1435 4870 319
1447 4816 1553 4869 nestro

347 4910 409 4948 rum
420 4897 464 4949 est
475 4894 524 4962 Jp
559 4898 674 4952 memori
685 4899 768 4956 michi
779 4897 811 4969 J,
823 4899 858 4954 in
870 4917 888 4965 γ
898 4899 1013 4955 memori
1020 4906 1085 4968 poet
1096 4900 1130 4955 in
1140 4917 1263 4955 memora
1274 4906 1443 4956 correctum„
1501 4903 1554 4954 320

348 4993 464 5048 coquum
476 4978 624 5050 Eranam
634 4981 682 5048 ιῙγ.
775 4987 825 5038 321
839 4988 943 5059 u2320.
977 4998 1022 5038 me
1033 4983 1107 5038 duel
1118 4984 1151 5038 in
1163 4983 1244 5051 Bau,
1257 4985 1370 5040 alidum
1381 4982 1444 5038 edd.
1481 4983 1555 5038 Aur.
