3300 6050
210 765 261 823 rr.
281 771 305 825 1.
324 761 428 836 1-1o.]
688 760 928 819 ardumum.

522 1389 740 1469 AOTVS
785 1391 1102 1484 QVARTVS

686 1753 939 1822 suaossmvs.
1329 1753 1381 1821 lv
1403 1771 1415 1818 1

296 1954 372 2023 Hdc
393 1958 446 2023 ost
467 1955 557 2023 semri
578 1955 709 2024 sicinus
730 1957 820 2042 frugi
842 1957 954 2026 facero
975 1956 1068 2043 quod
1089 1978 1152 2044 ego
1172 1956 1375 2044 pirsoquor:

211 2076 276 2156 580
298 2074 340 2141 ui
362 2095 477 2143 morae
497 2074 738 2162 molistiaequo
759 2074 927 2162 inpdrium
948 2075 1030 2143 erile
1050 2073 1176 2142 habeit
1196 2075 1272 2143 sibi

295 2194 376 2262 nim
397 2196 457 2281 qui
478 2216 537 2264 oro
558 2216 604 2263 ox
625 2194 792 2263 sentiatis
813 2194 941 2263 seruire
963 2215 1078 2262 seruos
1099 2193 1258 2282 pistulat,

297 2313 333 2380 tn
354 2335 450 2383 orum
470 2319 613 2400 matura,
635 2314 671 2385 iu
692 2337 729 2383 so
751 2336 826 2384 sera
848 2315 1011 2384 cdndocot
1034 2315 1216 2401 capissere.

214 2435 275 2515 583
299 2432 351 2501 sin
374 2433 544 2519 dormitat,
565 2432 615 2501 ita
636 2433 805 2519 dormitet,
828 2433 961 2502 struom
983 2456 1056 2503 sese
1077 2440 1119 2503 ut
1139 2435 1287 2521 cogitet:
1401 2456 1416 2503 5

215 2566 275 2636 591
300 2552 382 2620 irilo
399 2553 569 2639 inperium
588 2551 716 2620 ediscat
734 2557 775 2620 ut
794 2552 887 2638 quod
904 2553 997 2622 frons
1012 2555 1097 2623 uelit
1111 2554 1200 2624 oculi
1219 2556 1335 2641 sciant,
1387 2576 1416 2623 ua

297 2669 391 2756 qudd
411 2671 528 2740 iubeat
549 2669 625 2739 citis
646 2671 819 2756 quadrigis
841 2670 941 2740 citius
961 2677 1122 2758 properet
1142 2672 1309 2760 pirsoqui.

298 2788 358 2873 qui
379 2787 419 2856 ta
440 2789 573 2857 curabit
593 2789 778 2858 ibstinebit
798 2788 954 2860 cinsiono
974 2791 1103 2860 bibula
1388 2815 1416 2862 15

298 2903 361 2974 nic
381 2926 444 2975 sua
464 2928 568 2994 opera
588 2906 720 2994 ridiget
739 2930 902 2993 umquam
923 2907 960 2976 iu
980 2910 1194 2996 splendorem
1215 2910 1393 2998 conpedes.

476 3090 479 3094 ·
510 3092 513 3099 ·
566 3060 640 3118 Post
651 3067 702 3118 583
714 3061 793 3132 mico
804 3062 910 3132 iacitur
920 3063 997 3118 locut
1007 3063 1073 3121 iic:

217 3202 281 3281 584
300 3199 380 3268 uim
394 3199 455 3286 qui
468 3199 596 3268 amanti
610 3220 669 3267 ero
683 3199 882 3268 struitutom
897 3200 1011 3286 simii,
1025 3200 1123 3288 quasi
1136 3222 1200 3287 ego
1214 3200 1335 3287 siruio,
1402 3223 1417 3270 o

299 3320 329 3386 si
343 3318 439 3386 trum
452 3319 549 3388 tridet
562 3318 723 3405 superiro
738 3340 896 3403 amorem,
907 3319 972 3386 hoc
981 3316 1071 3386 stau
1085 3340 1158 3387 osso
1173 3319 1318 3389 officiuim
1331 3343 1417 3408 roor,

299 3439 445 3509 ritincro
458 3445 495 3509 at
508 3439 660 3515 saltitem,
674 3459 743 3506 nou
757 3439 848 3506 enim
862 3457 931 3524 quo
946 3436 1121 3505 incumbat
1135 3459 1212 3504 eum
1227 3438 1397 3526 inpillcra

300 3558 399 3645 quisi
419 3558 534 3644 pueris
555 3557 615 3643 qui
636 3554 718 3623 niro
739 3555 874 3622 discunt
895 3552 1025 3639 scirpea
1044 3552 1198 3620 induittir
1217 3556 1310 3638 ratis,

301 3677 360 3764 qut
373 3679 530 3747 laborent
543 3676 663 3761 minus,
678 3674 809 3744 facilius
824 3672 864 3741 rit
877 3677 960 3740 nent
974 3678 1010 3741 ot
1023 3669 1184 3740 moueant
1198 3693 1334 3741 manus:
1389 3693 1418 3739 1o

301 3797 420 3866 eddom
433 3799 536 3865 modo
550 3793 684 3865 serudm
698 3799 806 3862 ratem
820 3814 893 3862 osso
907 3793 1036 3862 amiuti
1049 3813 1108 3860 oro
1123 3812 1267 3888 aequom
1280 3791 1409 3878 ctusoo,

222 3932 286 4002 590
304 3919 344 3990 dt
357 3941 434 3990 cam
446 3919 570 3989 toleret
582 3938 627 3987 nc
640 3938 777 4004 pessum
791 3915 893 3984 abeat
906 3917 1080 4000 tamquam
1122 3922 1140 3960 *
1182 3922 1200 3960 *
1242 3922 1260 3960 *

270 4137 426 4195 Suaoamrs
449 4153 545 4194 seruus
567 4134 713 4208 Lyconidis
735 4133 854 4191 Parcus
873 4143 900 4190 ot
924 4133 1128 4190 Camerarius:
1163 4135 1197 4188 ia
1219 4132 1244 4191 J
1266 4133 1420 4203 inscriptio

218 4238 333 4281 5555555
347 4226 432 4282 acilo
447 4225 502 4294 aqi
512 4225 610 4294 potuit
621 4223 718 4280 eadam
729 4221 763 4277 do
774 4238 860 4277 causo
872 4223 964 4290 quode
975 4239 1003 4275 c.
1021 4222 1212 4279 stationarii.
1244 4223 1277 4276 ia
1289 4239 1308 4288 γ
1319 4223 1421 4277 Seruus

217 4310 331 4380 imitor,
343 4313 390 4367 coi
396 4318 495 4380 posteo
511 4326 616 4366 manua
630 4325 698 4364 aueo.
710 4321 768 4361 xvr.
786 4305 921 4361 Strobilos
935 4305 1078 4372 aocripoit.
1171 4308 1222 4364 579
1240 4306 1369 4360 Plautus
1385 4307 1421 4361 in

119 4380 123 4386 ¹
218 4395 395 4454 Aulularia:
412 4396 464 4452 hoc
482 4397 526 4451 ost
545 4394 619 4451 sorni
636 4394 721 4466 [docet
738 4391 855 4462 facinus]
875 4390 993 4446 Nonius
1005 4404 1101 4459 310,4
1205 4395 1257 4446 580
1274 4390 1420 4458 herilo-ir.

220 4487 270 4539 581
284 4482 442 4553 posttdarc,
453 4480 526 4536 uelle
528 4520 592 4537 ......
593 4480 720 4535 Pla-utus
730 4476 910 4532 Aulularia:
929 4492 993 4532 uam
1005 4477 1054 4546 qui
1066 4474 1107 4530 ori
1118 4491 1154 4529 cx
1166 4473 1304 4529 sententia
1315 4476 1421 4532 seruire

219 4581 317 4621 soruus
328 4566 459 4637 postmat
492 4564 611 4621 Nonius
621 4579 736 4636 375,20.
830 4559 1117 4616 oxhoroexscntoutia
1127 4557 1159 4616 J.
1263 4557 1421 4625 seruus-17.

221 4654 273 4704 582
290 4664 440 4718 capaciore,
454 4649 592 4717 perferre
594 4691 658 4707 ......
660 4649 787 4705 Plautus
809 4646 843 4701 in
861 4645 1039 4700 Auladzrio:
1063 4643 1093 4699 in
1112 4659 1190 4700 orum
1207 4645 1325 4712 matura,
1344 4642 1373 4698 iu
1390 4660 1421 4700 so

222 4733 589 4805 soracondccetcapossorc.
623 4735 740 4791 Nonius
752 4733 811 4801 266,
828 4734 866 4788 18.
920 4732 1052 4787 Iuhorum
1063 4730 1095 4789 J.
1152 4738 1203 4789 583
1221 4730 1353 4788 dormitat
1361 4730 1421 4804 Ba,

220 4836 354 4895 dormitat
369 4837 425 4897 Bb.
507 4839 611 4896 dormit
626 4838 692 4896 &ita
703 4805 856 4910 dormiit-1
870 4837 977 4907 cimici
991 4837 1067 4905 quod
1079 4834 1422 4905 aitorolooodormitotr.

220 4938 331 4979 seruum
348 4925 397 4983 ato
411 4932 438 4984 ct
452 4931 504 4982 589
516 4923 597 4992 Βιῐγ.
706 4940 808 4980 stercus
819 4928 957 4981 584-590
971 4923 1028 4978 huo
1046 4939 1106 4978 non
1117 4922 1265 4992 portinere
1283 4921 1423 4976 intellexit

219 5009 355 5072 Briciua
442 5018 494 5070 584
511 5013 580 5072 horo
590 5011 640 5080 Jq.
726 5016 778 5068 585
795 5009 913 5075 fidorum
928 5008 962 5070 J.
1051 5024 1202 5080 superare..
1215 5007 1337 5077 (litterae
1348 5006 1422 5062 duae
