3300 6050
262 760 309 827 30
744 748 979 805 ruovoram.
1256 747 1309 817 [11.
1326 753 1352 803 a.
1370 752 1503 832 ι-ιι.1

762 933 960 1001 Srsrunm

262 1068 326 1135 270
348 1052 382 1121 dl
393 1053 481 1120 bene
491 1056 637 1119 uertant
654 1050 774 1117 uerum
784 1054 916 1116 ecastor
929 1048 999 1115 ιιόιι
1007 1051 1129 1134 potest,
1140 1046 1322 1114 subitimst
1330 1045 1468 1113 nimias

788 1168 939 1233 Evomo

347 1287 423 1355 tice
438 1291 541 1372 atque
555 1286 620 1353 abi.
641 1284 760 1353 curtta
773 1285 827 1353 fac
842 1285 919 1368 sint,
934 1305 1038 1369 quom
1053 1284 1073 1349 t
1088 1283 1162 1351 foro
1176 1282 1313 1351 redcim
1327 1283 1468 1350 domum

348 1406 451 1490 itque
472 1405 565 1472 aedis
587 1404 733 1472 occlude.
768 1404 836 1471 iam
858 1424 922 1489 ego
944 1404 999 1470 hic
1021 1404 1133 1473 tdero.

767 1522 964 1589 Smrflma

1050 1638 1134 1722 quid
1155 1657 1218 1723 ego
1240 1636 1329 1705 nunc
1349 1642 1468 1723 agam?

345 1759 435 1827 nime
455 1760 553 1826 nobis
574 1779 679 1845 prope
700 1758 797 1826 adtst
817 1757 971 1841 exitium,
993 1757 1076 1824 mihi
1098 1762 1201 1841 atque
1222 1757 1297 1824 erili
1317 1757 1419 1825 filiae.

345 1878 435 1946 minc
455 1878 616 1963 probrum
637 1880 742 1962 atque
763 1877 937 1963 pertitudo
958 1876 1065 1962 prope
1086 1877 1183 1944 adest
1204 1880 1245 1945 ut
1261 1876 1323 1944 fiet
1343 1877 1468 1961 palam.

262 2013 323 2082 275
347 1997 439 2084 quod
461 1997 605 2064 celatum
626 2002 729 2081 atque
751 1995 990 2064 oceriltatumst
1010 1995 1118 2081 isque
1140 1995 1259 2078 adhuc,
1280 2016 1371 2062 nunc
1395 1994 1467 2061 non

1117 2119 1240 2201 potest
1437 2132 1467 2180 m

346 2236 403 2304 ibo
424 2237 521 2320 intro
537 2240 578 2304 ut
598 2255 675 2303 erus
698 2233 784 2320 quae
805 2233 984 2318 inperauit,
998 2231 1090 2299 fricta
1110 2253 1214 2316 quom
1235 2231 1350 2300 ueniit
1367 2231 1468 2300 sient

346 2378 425 2424 uam
446 2356 576 2425 ecastor
596 2355 721 2423 malim
742 2375 929 2424 maerorem
950 2354 1065 2422 mttuo
1086 2375 1129 2421 ne
1152 2351 1322 2421 inmixtlm
1340 2352 1467 2419 bibam.

261 2630 313 2686 270
332 2626 378 2681 Dii
389 2627 439 2693 Jr.
508 2627 693 2685 subitustBl
718 2627 842 2684 subitum
861 2628 905 2681 est
923 2625 972 2692 Jr.
1041 2627 1090 2683 271
1110 2639 1173 2679 cum
1194 2621 1273 2687 mv.
1342 2620 1466 2679 afore-1.

261 2723 313 2779 272
336 2720 450 2775 occlude
473 2713 550 2775 aedis
574 2722 668 2789 (aedes
685 2722 718 2792 J,
735 2700 802 2777 edis
811 2722 839 2790 γ)
858 2722 938 2790 Βσγ,
956 2720 1133 2789 transposuit
1147 2718 1281 2786 aureius.
1350 2732 1400 2771 ero
1415 2717 1466 2784 Ju.

261 2807 313 2863 273
331 2804 448 2859 exicium
459 2803 491 2861 J.
561 2805 640 2860 herili
651 2806 700 2872 Jr.
779 2809 831 2863 274
846 2807 997 2875 partitudo
1008 2813 1092 2873 atquc
1098 2801 1352 2874 purtiosorniriro
1361 2819 1467 2871 rmore

261 2889 390 2943 Plautus
408 2888 571 2963 Aulularia
590 2890 664 2958 (uide
683 2890 720 2945 ad
737 2906 764 2944 u.
784 2890 829 2959 75)
849 2891 928 2945 idom
947 2891 978 2945 iu
998 2890 1111 2944 mrtem:
1135 2905 1208 2943 nunc
1226 2886 1358 2957 probrum
1377 2890 1466 2957 atque

261 2975 403 3046 partitudo
421 2991 507 3046 prope
524 2976 605 3032 adest
621 2977 737 3033 Nouius
755 2991 814 3047 217,
833 2978 874 3031 28.
961 2978 1013 3035 275
1030 2975 1198 3031 occultatum
1216 2975 1260 3029 est
1275 2972 1308 3041 J,
1326 2973 1466 3030 occultum

261 3067 304 3118 est
316 3080 339 3128 γ.
393 3066 443 3120 276
455 3063 539 3118 herus
549 3063 598 3130 Jr.
651 3082 714 3120 cum
726 3066 820 3120 ueniat
831 3064 881 3136 ιῐγ.
934 3066 984 3125 277
1003 3080 1138 3119 merorem
1148 3063 1197 3130 Jr.
1257 3061 1406 3117 minixtum
1424 3062 1465 3132 B,

261 3147 379 3201 mixtum
396 3146 445 3212 ιῙγ,
467 3148 578 3203 mistum
597 3149 676 3206 Pali.
693 3149 836 3220 plerique,
848 3147 995 3203 immixtim
1017 3149 1169 3204 Grutmuu
1242 3163 1361 3204 uersum
1378 3147 1468 3204 ἀθετεῖ

263 3233 396 3300 (iuuetur.
