3300 6050
263 764 306 813 12
475 751 478 757 ·
745 743 989 801 averniam.
1213 743 1467 814 [1.1.at—1.aa

345 944 435 1010 quae
455 922 493 989 in
512 920 669 1008 occipitio
691 917 828 1004 quique
847 917 952 986 habet
971 916 1086 985 ocuos
1107 916 1271 1003 pessuma
1435 932 1468 980 aa

280 1047 319 1128 65
345 1065 436 1113 nuno
456 1043 514 1111 ibo
530 1046 571 1111 ut
589 1042 707 1123 uisam,
733 1042 822 1107 sitne
842 1039 892 1107 ita
911 1059 1033 1105 aumm
1051 1042 1092 1106 ut
1109 1036 1265 1107 odndidi:

346 1174 441 1261 quod
459 1170 513 1240 mi
538 1171 700 1240 sollicitat
718 1169 872 1258 pldrimis
889 1172 1049 1240 miserim
1065 1172 1184 1241 modis.

764 1289 963 1358 sinamur.

345 1409 493 1479 noendm
513 1412 688 1492 mecastor,
711 1406 794 1494 quid
815 1429 879 1493 ego
901 1429 959 1475 ero
981 1408 1093 1475 dicim
1114 1428 1191 1475 meo

345 1529 453 1597 malae
475 1528 524 1596 rei
546 1526 699 1595 euenisse
720 1549 866 1613 quamue
887 1528 1063 1612 insiniam,

283 1733 285 1737 Ι
346 1669 435 1735 queo
456 1645 672 1715 odnminisci:
702 1643 751 1714 lta
770 1666 826 1712 me
847 1645 1004 1713 miseram
1025 1646 1070 1713 ad
1092 1645 1182 1713 hdnc
1203 1645 1342 1714 modum
1435 1665 1467 1711 aa

283 1782 326 1850 70
347 1765 484 1833 decidas
507 1763 563 1831 die
584 1782 653 1829 uno
676 1760 776 1848 saepe
797 1763 952 1831 extrudit
973 1762 1124 1830 aedibus.

345 1882 458 1952 nescit
479 1881 538 1968 pol
559 1903 646 1967 quae
666 1880 770 1948 illunc
792 1880 963 1949 homnem
983 1882 1203 1969 intemperiae
1224 1887 1363 1953 tenent:

346 2001 528 2090 perulgilat
547 2000 655 2068 noctis
676 1998 774 2085 titas,
796 2003 870 2066 tum
891 2004 1006 2068 autem
1027 2001 1194 2070 interdius

346 2122 444 2207 quasi
464 2119 604 2189 oladdus
625 2124 720 2188 sutor
741 2118 833 2187 domi
854 2121 951 2189 sedet
971 2120 1062 2189 totos
1083 2121 1166 2191 dies.

345 2261 456 2326 neque
477 2241 545 2306 itm
568 2260 635 2324 quo
657 2243 757 2325 pacto
779 2238 887 2306 celem
907 2239 999 2307 erilis
1020 2240 1112 2309 filiae

284 2373 321 2442 75
346 2359 517 2447 probrum,
538 2359 730 2445 propinqua
750 2358 927 2444 ptrtitudo
948 2360 1030 2443 quoi
1052 2359 1193 2445 idpetit,

346 2498 434 2563 queo
456 2475 672 2545 conminisoi:
701 2473 812 2561 neque
833 2475 1016 2562 quicquam
1037 2476 1174 2545 meliust
1194 2479 1287 2563 mihi,

346 2602 387 2665 ut
409 2596 537 2684 opinor,
559 2618 662 2683 quam
682 2618 728 2664 ex
749 2617 803 2663 me
824 2601 865 2664 ut
885 2595 988 2663 dnam
1008 2597 1130 2665 faciam
1151 2596 1300 2666 litteram

346 2716 492 2802 longam,
516 2737 630 2783 meum
651 2715 773 2800 laqueo
795 2713 919 2782 cdllum
940 2715 1077 2801 quando
1098 2714 1323 2784 obstrinxero.

786 2836 933 2903 Evomo.
1084 2827 1087 2834 ’

346 2978 437 3024 nunc
458 2955 631 3023 defaecato
651 2953 788 3021 dimum
808 2954 921 3021 animo
943 2953 1098 3040 egreditr
1118 2956 1229 3038 domo,
1411 2957 1429 3024 1
1451 2976 1467 3023 a

283 3078 327 3141 80
347 3073 528 3162 postqutm
549 3071 717 3157 perspexi,
737 3070 834 3140 silua
855 3093 929 3140 esse
949 3072 1043 3140 intus
1065 3072 1187 3142 omnia.

346 3195 420 3264 redi
442 3192 599 3261 mincium
619 3191 709 3260 intro
730 3195 833 3276 atque
855 3190 946 3259 intus
968 3211 1078 3261 sema.

144 3471 146 3477 ’
260 3453 295 3504 65
312 3450 390 3504 estne
402 3445 486 3514 Bae,
500 3446 573 3503 sitne
584 3445 718 3516 Puera.
754 3445 788 3502 da
803 3461 892 3503 uersu
907 3446 960 3516 qui
970 3454 1033 3516 port
1050 3451 1083 3503 66
1101 3445 1321 3516 uolpoeNouio
1332 3445 1459 3502 additur

259 3536 326 3592 diui
338 3536 405 3591 dira.
416 3550 443 3605 p.
460 3548 499 3589 η.
568 3536 602 3593 67
620 3549 673 3588 noe
684 3549 758 3603 num,
770 3539 797 3589 et
807 3549 949 3602 superior.
961 3533 1026 3594 uoci
1038 3533 1143 3603 priori
1154 3549 1205 3603 pro
1215 3549 1270 3588 non
1279 3531 1320 3602 B,
1333 3532 1466 3589 ‘noenum

260 3637 310 3693 pro
330 3621 395 3676 non'
412 3619 586 3689 puerariam
605 3618 786 3675 Plautinum
808 3635 845 3675 eu
862 3620 1034 3690 Aulularia,
1051 3619 1127 3676 uada
1145 3635 1265 3675 noenum
1285 3618 1414 3676 restituit
1433 3619 1463 3676 0.

258 3709 466 3763 Laclotauuue
477 3723 575 3762 comm.
586 3707 673 3760 Luer.
685 3722 712 3776 p.
725 3720 782 3775 150.
817 3722 920 3762 nonam
931 3707 1090 3776 octuplus.
1125 3705 1152 3760 N
1153 3722 1186 3761 ec
1196 3703 1263 3759 num
1274 3707 1384 3761 ceaster
1394 3703 1420 3762 ,1
1431 3709 1467 3775 et,

258 3794 320 3849 uici
327 3794 404 3862 quad
413 3793 447 3846 iu
460 3793 548 3846 leuius
559 3791 693 3858 rtarpinc
701 3792 829 3847 Noenum
841 3798 867 3846 et
877 3792 912 3846 al
924 3790 987 3846 alia
1004 3792 1113 3846 iterum
1124 3807 1218 3844 amna
1231 3790 1343 3846 Numen
1352 3790 1467 3859 aurip-

259 3887 322 3934 tum
342 3886 389 3947 aet,
408 3895 432 3942 γ.
475 3892 526 3929 nec
541 3891 614 3929 nunc
634 3890 680 3928 me
700 3878 806 3928 ecastor
824 3874 872 3927 uel
887 3889 940 3928 nee
957 3890 1059 3928 numen
1080 3877 1187 3928 ecastor
1205 3873 1285 3929 Pall.
1318 3890 1373 3929 non
1390 3875 1466 3929 enim

258 3962 335 4016 coda.
346 3967 373 4014 et
383 3958 446 4014 eald.
459 3972 517 4008 uon
528 3955 610 4008 uuili.
645 3970 694 4009 ero
712 3971 763 4022 ego
775 3951 815 4017 B,
825 3953 895 4008 hero
904 3971 956 4023 ego
966 3953 1016 4024 ιῙγ,
1027 3956 1180 4023 transponi
1191 3956 1338 4013 iuuerunt
1348 3958 1467 4014 Hariue

257 4051 284 4099 et
295 4042 426 4096 Bottiua.
495 4043 529 4094 68
546 4037 617 4092 male
632 4037 663 4096 J.
734 4044 767 4093 69
785 4036 914 4094 miserm
925 4056 971 4095 me
983 4039 1016 4097 B
1028 4041 1052 4110 (a
1069 4041 1222 4097 autumn·
1235 4043 1357 4100 Gruteri
1367 4044 1468 4100 Parui

258 4127 389 4196 citatio),
401 4141 446 4181 me
457 4122 621 4182 miseram-1
631 4123 794 4182 atBotliue.
830 4121 940 4180 adhunc
951 4125 983 4184 J.
1053 4129 1087 4185 lo
1099 4142 1164 4197 sepe
1173 4125 1254 4193 Βιῐγ.
1324 4133 1467 4189 tanoctea

258 4212 308 4278 ιῐγ.
330 4261 333 4266 .
379 4214 413 4269 74
430 4208 523 4264 herilis
534 4207 583 4275 ιῐγ.
662 4212 695 4270 76
707 4208 865 4277 partitudo
877 4211 1025 4280 tripertio
1036 4210 1192 4277 feminina.
1229 4212 1358 4268 Plautus
1369 4212 1467 4268 Aulia-

258 4298 354 4356 lariar
371 4296 511 4367 probrum,
525 4296 678 4367 propinqua
693 4294 838 4366 partitudo
856 4296 900 4351 eui
916 4296 1032 4367 adpetit
1069 4296 1184 4352 Noniae
1196 4311 1255 4366 217,
1269 4311 1310 4365 27.
1353 4296 1399 4352 cui
1415 4313 1467 4369 ap

258 4381 331 4456 petit
342 4380 391 4449 ιῐγ.
474 4383 507 4441 76
519 4381 616 4435 melius
628 4384 671 4436 est
682 4379 764 4436 michi
775 4379 801 4438 ,Ι
811 4386 845 4449 et,
856 4379 918 4435 uiri
927 4382 1004 4450 quad
1014 4380 1081 4435 mihi
1092 4388 1259 4451 wmtauter,
1271 4399 1296 4449 γ.
1365 4384 1399 4441 77
1416 4397 1467 4436 ex-

258 4488 304 4528 me
318 4473 352 4527 nt
367 4470 472 4526 uanam
491 4467 589 4522 facum
608 4467 732 4523 litteram
742 4466 774 4525 J.
808 4469 841 4521 ut
861 4482 944 4522 uuam
962 4467 1061 4522 faciam
1081 4468 1131 4521 aut
1149 4466 1271 4522 litteram
1290 4465 1467 4521 Painuriur

257 4556 499 4620 caumana,
514 4568 569 4622 109.
648 4555 681 4612 78
698 4549 1335 4622 longumBJe,1ongamcoad.reatwanutlt.
1370 4566 1467 4606 meum

258 4641 334 4694 deest
346 4638 378 4691 iu
391 4637 438 4702 ιῙγ.
510 4638 544 4695 79
556 4638 661 4692 Etcum
674 4637 819 4693 Sannum
830 4638 881 4706 δγ,
894 4653 1003 4693 nouam
1013 4653 1148 4692 emnam
1162 4637 1210 4692 lic
1221 4637 1291 4693 item
1302 4634 1411 4704 incipit
1422 4635 1464 4694 B.

260 4724 294 4779 79
306 4721 433 4787 defecata
451 4719 550 4774 ornum
563 4727 693 4789 puroet
711 4722 862 4776 inturbata
880 4728 906 4776 et
925 4721 987 4776 siue
1003 4721 1135 4776 aordtlme
1150 4737 1306 4790 postumae
1316 4721 1419 4790 dicare,
1430 4730 1466 4778 ut

259 4804 366 4858 uiuum
384 4803 446 4859 siue
457 4802 576 4869 ,faedam
613 4806 743 4862 Plautus
761 4804 794 4861 iu
812 4807 994 4863 Aulularia:
1012 4824 1085 4863 nunc
1104 4807 1231 4863 defecata
1243 4806 1356 4863 demum
1370 4807 1466 4864 auimo

259 4890 387 4958 egredior
405 4889 494 4946 domo.
529 4891 645 4948 Nouius
661 4906 722 4962 454,
745 4906 787 4961 25·
831 4892 957 4948 defecata
976 4890 1057 4971 Βιῐγ.
1106 4898 1138 4949 81
1158 4897 1287 4947 nunciam
1305 4893 1467 4960 separatim

259 4975 388 5032 calibem
406 4976 494 5033 solent
517 4975 597 5043 Bae.
639 4978 770 5050 quippeni
781 4977 906 5049 Pareae
920 4976 1043 5049 quippini
1056 4977 1246 5036 Omnerarim
1257 4984 1282 5035 at
1299 4977 1465 5036 auem.-
