3300 6050
831 754 1070 813 nvnvmnm.
1292 758 1555 829 [mear-ee.

877 946 1027 1014 Evcnm.

432 1069 489 1138 ibo
506 1070 597 1138 intro
615 1072 718 1154 atque
735 1065 786 1134 illi
805 1065 962 1134 socienno
980 1066 1041 1135 tuo
1060 1066 1127 1134 ism
1146 1066 1399 1152 interstringim
1417 1066 1545 1152 gulam

432 1189 527 1275 frigin
540 1190 620 1258 hinc
638 1189 683 1256 ab
702 1187 827 1257 oeulis?
855 1188 936 1255 abin
956 1210 1001 1256 an
1022 1192 1114 1258 noni

845 1310 1056 1378 simonve.

1117 1430 1210 1499 ibeo.

876 1553 1024 1621 Evonro.

1203 1689 1286 1736 caue
1308 1669 1353 1737 sis
1374 1666 1564 1737 riuideam.

844 1788 1057 1857 Snaonmvs.

437 1906 624 1975 embrtuom
646 1928 709 1992 ego
730 1928 785 1974 me
806 1905 967 1975 miuelim
987 1907 1056 1976 leto
1082 1908 1172 1976 malo
1474 1910 1562 1977 IVs

435 2045 538 2109 quam
558 2024 627 2092 non
649 2045 712 2109 ego
733 2023 782 2090 illi
803 2021 882 2089 dem
903 2022 1004 2091 hodie
1026 2023 1166 2093 insidiis
1188 2024 1270 2094 seni.

351 2144 389 2225 65
395 2158 411 2226 5
437 2165 579 2228 namque
598 2143 653 2212 hic
675 2144 742 2211 iam
763 2134 833 2210 non
854 2142 995 2211 aude'bit
1016 2164 1138 2211 aurum
1160 2143 1374 2214 abstnidere:

437 2260 538 2327 eredo
560 2259 684 2327 ecferet
705 2259 773 2327 iam
794 2258 909 2327 secum
930 2263 966 2327 et
986 2259 1133 2328 mutabit
1153 2260 1275 2329 locum.

437 2378 518 2463 atat,
541 2378 622 2447 foris
644 2382 784 2467 crepuit.
813 2380 919 2449 senex
941 2402 1057 2449 eccum
1078 2404 1200 2450 aurum
1221 2382 1326 2451 ecfert
1346 2384 1444 2451 foras.
1547 2405 1563 2451 a

437 2499 603 2587 tantisper
623 2501 678 2568 hic
700 2522 763 2587 ego
784 2502 830 2570 ad
850 2500 987 2569 iinuam
1009 2500 1211 2571 concessero.

880 2623 1029 2690 Evomo.

438 2738 522 2807 Fide
544 2739 721 2807 censebam
742 2737 939 2806 minumam
960 2737 1068 2806 multi
1089 2737 1193 2806 fidem
1252 2842 1254 2844 ι
1475 2740 1562 2807 IVs

352 2857 418 2922 660
439 2877 527 2924 osse:
552 2854 591 2922 ea
612 2854 761 2922 subleuit
782 2853 819 2921 ts
841 2855 926 2922 mihi
946 2853 1168 2941 paenissnme.

353 3038 426 3090 certe
441 3031 515 3086 deest
532 3030 566 3084 iu
577 3030 620 3097 Ju
636 3031 817 3100 omnibmque
834 3031 910 3086 codd.
934 3030 1115 3098 Hiiduardi:
1133 3031 1240 3100 lenitur
1256 3046 1325 3086 uero
1337 3029 1371 3084 ia
1389 3029 1563 3086 editionibus

351 3118 466 3175 Aldina
483 3133 509 3171 a.
524 3130 599 3186 1522,
611 3116 772 3172 Pormemi
787 3134 813 3172 5.
836 3131 904 3187 1510
915 3118 1155 3172 ctLombiuioao.
1191 3117 1250 3186 agii
1265 3117 1368 3186 gratiss
1385 3115 1436 3183 Βγ
1454 3123 1487 3185 et,
1500 3119 1562 3173 ussi

352 3207 428 3276 quod
439 3205 554 3273 gracias,
566 3203 591 3260 J
599 3223 605 3258 :
625 3210 796 3271 transposui.
830 3209 938 3257 secutus
955 3219 1020 3257 sum
1033 3219 1229 3270 personarum
1241 3203 1472 3260 distributionem
1486 3221 1561 3272 quoe

352 3299 392 3348 est
405 3292 439 3346 iu
450 3291 494 3356 Ju
504 3297 530 3345 ei
550 3290 636 3358 Peli,
649 3306 715 3343 cum
730 3287 763 3343 B
778 3288 1058 3360 Iuppiter-perdant
1074 3288 1204 3358 Strobiio,
1222 3289 1333 3345 relicuo
1349 3289 1487 3344 Eculioui
1506 3291 1561 3344 tri·

352 3380 426 3452 bimi.
530 3382 579 3432 651
598 3376 637 3431 ibi
648 3375 712 3431 hinc
729 3377 802 3431 intro
814 3376 895 3446 1357,
908 3378 971 3432 hinc
988 3377 1126 3430 omissum
1147 3384 1186 3431 est
1202 3377 1283 3446 opud
1297 3376 1430 3433 Nouium
1452 3390 1511 3447 172,
1526 3393 1557 3431 21

353 3465 500 3532 ‘socienno
517 3465 597 3519 socio.
632 3463 759 3518 Plautus
775 3464 953 3520 Aulularia:
980 3463 1027 3518 ibo
1044 3463 1118 3518 intro
1135 3467 1220 3532 atque
1237 3463 1278 3517 illi
1295 3463 1420 3518 socienno
1438 3466 1489 3521 tuo
1503 3465 1560 3521 iam

351 3551 558 3620 interstringam
569 3551 678 3622 gulam!
702 3554 840 3608 ‘socienno
852 3551 884 3610 B
895 3570 961 3608 cum
971 3551 1078 3619 Nouio,
1089 3552 1162 3606 socio
1174 3551 1199 3608 J
1211 3559 1245 3622 ei,
1256 3552 1317 3607 uisi
1328 3552 1405 3621 quod
1415 3560 1560 3609 corrector

352 3639 479 3694 socienno
490 3638 614 3708 scripsit,
626 3656 650 3705 γ.
766 3645 817 3694 652
836 3639 901 3695 abin
919 3640 982 3694 hinc
1000 3637 1081 3709 Βιῐγ,
1092 3639 1156 3693 hinc
1173 3639 1273 3694 delmi.
1288 3681 1291 3687 ,
1308 3639 1345 3693 sis
1356 3638 1396 3707 B,
1409 3638 1433 3694 si
1444 3638 1494 3705 Ju.
1529 3642 1559 3695 te

352 3724 464 3781 uideam
482 3723 563 3793 BJY,
581 3725 689 3780 emend.
707 3724 837 3780 Botbius.
908 3730 958 3780 653
977 3741 1084 3778 uouom
1101 3739 1232 3778 scaenam
1249 3724 1297 3778 bic
1313 3724 1461 3792 incipiuni
1478 3724 1557 3781 iibri.

353 3812 518 3867 Emortuom
536 3810 586 3877 ὄγ.
619 3810 712 3864 leetho
731 3810 758 3878 (o
774 3828 867 3878 supro
885 3811 994 3865 iiueom
1006 3811 1137 3879 positum
1154 3826 1173 3864 a
1191 3825 1285 3863 mauu
1302 3809 1385 3864 baud
1399 3809 1558 3865 admodum

354 3898 459 3965 uetere)
471 3896 511 3952 B.
583 3903 634 3951 654
651 3897 777 3950 sonitum
789 3897 847 3965 dot,
856 3897 891 3951 id
906 3903 952 3965 esi,
965 3897 1045 3964 feeit
1066 3894 1166 3967 [Vero.
1183 3895 1258 3951 Asu.
1275 3910 1296 3950 1.
1315 3895 1559 3965 79]......Ploutus

352 3986 387 4038 iu
405 3981 582 4036 Aulularia:
613 3996 664 4047 ego
690 3980 731 4033 illi
753 3980 818 4035 dein
845 3980 928 4037 hodie
946 3983 1059 4037 insidias
1082 3984 1148 4038 seni.
1173 3981 1294 4038 Seruius
1316 3984 1357 4038 ad
1382 3982 1463 4051 Vero.
1483 3985 1557 4039 Aea.

352 4083 402 4123 xm
415 4066 474 4133 267.
526 4070 590 4126 ,655
602 4081 721 4135 namque
735 4064 930 4138 Camerarius,
942 4085 1006 4124 nam
1018 4070 1094 4127 libri.
1158 4075 1210 4127 656
1221 4069 1345 4125 hecferet
1356 4069 1396 4139 B,
1404 4070 1458 4125 hoc
1472 4068 1554 4123 ferr&

352 4153 377 4210 J
394 4157 427 4218 et,
438 4149 500 4204 uisi
516 4149 592 4217 quod
607 4150 686 4220 feret,
698 4166 723 4216 γ.
818 4155 869 4212 657
887 4170 980 4211 ccccm
999 4154 1048 4213 Bi
1072 4157 1152 4213 effert
1166 4156 1216 4222 ἔγ.
1303 4161 1354 4213 658
1372 4156 1436 4211 hinc
1454 4171 1506 4224 ego
1520 4153 1556 4208 ab

352 4238 434 4293 ianua
450 4235 611 4292 Acidaliae.
657 4237 692 4294 de
708 4254 796 4294 uersu
818 4247 884 4309 post
906 4243 983 4298 bum
1005 4260 1025 4298 5
1050 4243 1184 4313 Seioppio
1208 4259 1222 4299 5
1244 4242 1344 4300 Nouio
1366 4242 1465 4298 addito
1489 4241 1559 4296 diei

351 4325 419 4379 diss.
426 4339 458 4392 p.
470 4337 494 4393 9.

405 4410 519 4465 Evonro.
538 4409 694 4468 Srnomnvs
712 4411 776 4469 Bs.

405 4504 456 4555 659
474 4498 542 4553 fides
554 4515 620 4554 cum
631 4499 768 4556 chordam
779 4501 930 4573 munificat,
941 4503 1022 4559 huius
1034 4503 1185 4574 fidissaeit,
1197 4521 1263 4560 eum
1273 4505 1365 4571 deum
1374 4502 1457 4558 huius
1469 4500 1558 4570 Fidei,

352 4583 487 4653 quamuis
498 4583 626 4638 Plautus
637 4585 747 4641 dicerit
759 4586 840 4641 Fidei
851 4587 996 4643 censebam
1008 4588 1156 4644 maximam
1167 4590 1255 4645 multo
1267 4589 1358 4644 fidem.
1404 4587 1558 4643 caeruiae

348 4689 378 4738 p.
391 4665 530 4734 70‚17ed.
543 4666 619 4736 Keil,
631 4669 680 4722 ubi
687 4669 750 4724 Fidi
762 4678 894 4740 summio
907 4672 1079 4742 0555155555,
1092 4675 1162 4730 Fide
1176 4675 1328 4730 Fabricius
1337 4673 1408 4727 coni.
1417 4691 1447 4743 p.
1459 4686 1473 4742 5
1476 4686 1501 4743 5,
1518 4688 1558 4741 13,

353 4751 430 4820 quod
451 4749 646 4806 testimouium
663 4770 713 4808 uos
730 4756 948 4811 rettulimusod
959 4774 986 4812 u.
1000 4757 1060 4828 609.
1095 4759 1175 4814 Fidei
1194 4761 1264 4815 iibri
1281 4759 1424 4814 Plautini.
1462 4775 1559 4813 maxu-

352 4851 425 4891 mam
438 4832 501 4902 BJ‚
514 4849 571 4888 nou
583 4852 606 4901 γ.
676 4843 728 4894 660
741 4840 894 4895 ‘Subleuit'
906 4843 1050 4912 siguificat
1062 4843 1218 4899 ι5515555555
1230 4862 1290 4914 pro
1304 4843 1429 4899 ridiculo
1440 4842 1558 4911 mouit:

353 4929 477 4978 tracium
489 4938 507 4976 o
518 4937 620 4989 555555
631 4922 696 4979 iudi
707 4942 762 4993 quo
779 4927 987 4983 dormientibus
998 4946 1051 4985 oro
1057 4931 1232 4999 pinsuntur.
1268 4931 1397 4987 Plautus
1415 4929 1451 4983 iu
1465 4929 1560 4984 Audu-

353 5009 448 5063 iario:
479 5008 544 5063 fidoi
568 5010 713 5066 censebam
736 5012 885 5068 maximam
908 5017 997 5073 multo
1020 5017 1105 5074 fidem
1119 5017 1124 5091 Ι
1140 5034 1208 5087 esse,
1232 5035 1267 5075 es
1288 5017 1410 5074 subleuit
1432 5033 1465 5072 os
1487 5014 1558 5071 mihi
