3300 6050
699 772 936 830 Avuvuslua.
1225 768 1277 841 [II.
1290 775 1315 824 5.
1328 774 1427 825 4—15.

740 965 905 1031 Aurasx.

753 1077 867 1146 hercle
888 1076 1010 1144 iniuria

306 1198 546 1284 dispirtiuisti:
576 1198 788 1284 pinguiorem
809 1218 935 1281 agnum
957 1196 1014 1289 isti
1035 1194 1171 1262 habeut

718 1318 932 1386 simomavs.

223 1453 240 1516 3
245 1453 286 1516 30
307 1440 344 1503 at
364 1435 454 1504 minc
475 1437 539 1504 tibi
560 1435 698 1504 dabitur
719 1435 877 1521 pinguior
897 1434 1052 1502 tibiaena

305 1556 318 1621 i
340 1555 421 1624 sine
443 1578 519 1624 cum
540 1557 608 1642 illo,
631 1557 787 1641 Phrugia.
822 1562 863 1624 tu
884 1561 1007 1639 autem,
1030 1554 1211 1637 Illeirsium,

306 1674 373 1742 hua
394 1674 483 1742 intro
504 1676 561 1743 abi
583 1676 628 1742 ad
648 1697 720 1743 nes.

735 1795 908 1864 Onusam.

729 1914 749 1981 ό
771 1915 917 1984 strobile
938 1914 1087 1998 subdole,

307 2030 429 2100 hucine
450 2035 595 2104 detrusti
617 2058 672 2104 me
694 2038 874 2105 aduenam
896 2036 1157 2122 parcissumumi

308 2149 367 2215 ubi
389 2149 418 2216 si
440 2152 523 2237 quid
544 2175 689 2239 poscam,
712 2174 822 2239 usque
845 2152 890 2220 id
911 2153 1020 2219 rauim
1041 2149 1178 2237 poscam
1200 2149 1295 2236 prius
1402 2168 1435 2217 10

227 2279 286 2346 335
312 2287 414 2351 quam
439 2268 619 2355 quiequam
641 2271 750 2339 detur.
1268 2280 1270 2282 ·

722 2392 932 2460 Summave,

758 2510 883 2579 stiltus
904 2514 940 2576 et
961 2509 1033 2575 sine
1054 2506 1196 2593 gritia’s.

309 2628 372 2695 tibi
394 2628 486 2698 riute
507 2629 636 2698 facere?
666 2628 803 2714 qutudo
825 2626 919 2724 quad
939 2624 1052 2708 facias,
1074 2623 1172 2709 perit.

743 2747 916 2815 Oouaaro.

310 2869 370 2953 qui
391 2869 514 2936 utro...

716 2989 932 3058 susosmvs.

523 3108 666 3194 rogitas?
694 3108 763 3174 iim
784 3103 949 3192 principio
970 3103 1006 3169 in
1028 3101 1167 3169 aidibus

310 3223 411 3290 turba
433 3224 508 3292 istie
529 3226 622 3293 nulla
643 3224 706 3292 tibi
729 3223 801 3290 erit.
838 3222 866 3286 si
889 3219 948 3306 qui
970 3218 1021 3286 uti
1044 3218 1146 3300 uoles

309 3340 409 3410 domo
431 3344 492 3412 abs
514 3349 549 3412 te
570 3345 710 3426 adferte,
733 3363 776 3407 ne
799 3340 936 3427 iperam
958 3338 1081 3425 perdas
1102 3336 1248 3422 ptsoere.
1404 3356 1433 3403 ra

223 3561 347 3615 actutum
359 3561 411 3616 tibi
421 3563 636 3632 suppleuerunt.
698 3567 757 3618 ,329
770 3559 943 3631 pinguiorem
955 3556 994 3614 Β.
1076 3563 1128 3612 330
1141 3553 1252 3609 dabitur
1264 3552 1315 3608 tibi
1328 3551 1367 3620 B,
1379 3554 1433 3610 tibi

223 3641 336 3702 dabitur
350 3646 393 3714 ιῙγ
404 3666 469 3704 eum
482 3650 559 3704 Pell.
572 3657 597 3704 et
610 3648 826 3717 Pleilarqyriua
843 3647 884 3700 ael
903 3647 980 3714 Vere.
995 3646 1093 3713 θωνα,
1108 3658 1138 3697 m
1156 3657 1204 3711 193
1216 3641 1268 3709 qui
1284 3641 1326 3694 ad
1343 3643 1433 3696 uerba

222 3729 350 3802 pinguior
361 3734 477 3789 tibicina
488 3735 570 3790 addit
584 3735 668 3804 ‘quae
686 3736 803 3803 propter
821 3731 938 3786 adsidua
956 3731 1091 3786 sacrificia
1107 3726 1276 3799 pinguescit.¹
1312 3727 1434 3784 tibicena

225 3812 274 3870 Bi
290 3816 404 3872 tibicina
420 3819 469 3884 σγ.
557 3825 606 3873 331
625 3818 742 3887 phrygia
759 3815 799 3885 Β,
819 3816 937 3886 phrugia
954 3817 1003 3883 ὗγ.
1037 3816 1161 3871 eleusum
1177 3812 1216 3882 Β,
1233 3813 1366 3868 eleusium
1380 3814 1431 3882 ιῙγ.

225 3906 276 3955 333
288 3900 403 3956 huccine
413 3902 462 3966 ιῐγ.
499 3969 501 3973 y
544 3903 689 3957 detrusisti
704 3903 786 3971 Βῦγ,
799 3902 920 3959 datrrmti
932 3906 1093 3961 Acidaliae.
1173 3906 1366 3976 parcissimum
1381 3904 1431 3970 ιῙγ.

225 3989 278 4040 334
294 3986 378 4052 apud
393 3986 510 4038 Festum
528 3985 596 4038 iraee
612 3987 757 4053 adparent
775 4004 800 4056 p.
820 4001 922 4054 27411.
958 3990 1071 4046 ‘renim
1088 3990 1153 4044 anti
1156 4032 1220 4046 ......
1222 3990 1366 4045 Plautus:
1385 3989 1435 4045 ubi

224 4069 325 4139 siquid
336 4085 385 4138 pes
389 4111 452 4125 ......
455 4069 495 4125 ’et
506 4087 533 4140 p.
545 4071 596 4123 282
601 4113 663 4126 ......
668 4073 854 4140 ‘brutumqui
856 4117 919 4129 ......
922 4093 1066 4144 poscamus
1078 4075 1152 4144 quad
1155 4116 1219 4130 ......
1221 4073 1434 4129 'Noniurliaae

224 4155 303 4210 babet
321 4157 377 4223 164,
395 4169 424 4225 15
443 4159 528 4212 nauis
545 4163 585 4211 eat
604 4158 738 4213 raueilaa.
775 4159 905 4215 Plautur
925 4161 1105 4216 Aulularia:
1124 4160 1173 4215 ubi
1191 4159 1215 4213 si
1233 4157 1302 4227 quid
1320 4174 1432 4228 pascam

224 4255 329 4310 usquae
349 4244 379 4297 at
398 4242 486 4297 rauim
504 4259 615 4314 poscam
634 4244 816 4315 prius—374,
840 4262 877 4302 10.
910 4265 1024 4315 parcere
1043 4247 1188 4315 rianisieat
1203 4251 1307 4314 petere.
1351 4246 1433 4316 Vere.

224 4325 269 4381 lib.
283 4343 332 4384 111
337 4372 400 4385 ......
404 4331 530 4386 Plautus
542 4330 575 4385 iu
584 4331 763 4389 Aulularia:
782 4333 830 4388 ubi
843 4335 865 4388 si
878 4333 946 4403 quid
957 4351 1062 4403 poscas,
1071 4350 1159 4403 usqua
1170 4332 1207 4386 ad
1219 4329 1308 4384 rubim
1320 4348 1432 4402 possam

224 4416 307 4483 prius.
376 4418 425 4472 ubi
437 4419 461 4472 si
476 4417 544 4488 quid
560 4434 703 4487 poscamus
719 4437 792 4490 quae
808 4420 845 4474 ad
861 4421 941 4475 rauin
957 4436 1102 4488 poscamus
1119 4419 1196 4489 prius
1207 4415 1247 4484 B,
1259 4417 1308 4471 ubi
1325 4419 1349 4473 si
1365 4418 1433 4488 quid

223 4518 367 4570 poseamus
383 4503 419 4557 ad
434 4519 524 4557 arram
540 4519 683 4572 poseamus
700 4505 777 4572 prius
787 4504 831 4569 ,ῖγ
843 4504 901 4572 (red
919 4504 951 4556 in
963 4521 981 4568 γ
993 4511 1136 4559 eerreeter
1150 4502 1238 4556 rauim
1254 4502 1433 4570 emendavit)

224 4589 461 4643 consentientibus
472 4589 558 4658 Pell,
570 4589 632 4642 uiri
643 4590 720 4656 qued
731 4589 856 4644 adaram
869 4588 978 4643 liabent.
1009 4588 1043 4642 in
1052 4607 1111 4643 une
1118 4588 1185 4643 Pal.
1197 4588 1239 4641 ad
1250 4603 1334 4641 aram
1345 4586 1433 4641 edne

224 4677 317 4724 telum
335 4679 374 4726 ert
392 4671 429 4726 ad
451 4675 546 4729 rauim.
615 4689 711 4743 poscas
732 4674 774 4727 tir
790 4690 848 4741 pre
869 4689 980 4741 poscam
999 4674 1061 4728 edd.
1083 4680 1149 4728 ente
1167 4673 1311 4726 Peneum.
1380 4677 1432 4728 335

224 4755 326 4809 stultus
338 4759 367 4810 et
384 4757 443 4811 sine
460 4758 551 4826 gratia
568 4775 598 4812 es
616 4756 696 4824 mi,
709 4757 824 4811 stultum
843 4759 873 4810 at
891 4756 950 4811 sina
967 4758 1058 4826 gratia
1076 4761 1120 4812 est
1132 4757 1209 4812 Pell.
1221 4758 1285 4812 duo.
1357 4756 1394 4811 de
1405 4772 1433 4811 u

224 4839 278 4906 336
291 4840 356 4894 uide
367 4840 592 4896 herimannum
607 4858 706 4896 eumin.
718 4841 804 4894 Luer.
816 4858 843 4911 p·
856 4855 897 4908 74
968 4846 1019 4901 337
1033 4842 1062 4895 in
1074 4842 1209 4912 principio
1220 4839 1261 4910 B,
1272 4841 1302 4896 in
1313 4841 1389 4896 deert
1400 4840 1433 4894 ia

225 4924 268 4991 ιῙγ
278 4933 304 4980 et
315 4925 391 4980 Pall.
404 4928 474 4994 eeirfi
487 4928 599 4983 Persae
610 4945 637 4982 u.
652 4940 666 4996 5
669 4940 709 4994 51.
781 4933 832 4983 338
845 4927 916 4982 istuc
927 4924 961 4993 J,
972 4934 998 4981 et
1009 4927 1072 4983 istic
1087 4929 1291 4997 superscripto,
1303 4944 1329 4992 γ.
1363 4925 1432 4995 quid

224 5009 305 5080 ΒιῙγ,
317 5010 365 5081 qui
377 5010 436 5065 aad.
451 5018 513 5066 uait.
584 5016 635 5066 339
648 5010 745 5064 afferto
756 5010 787 5068 J.
859 5017 910 5067 340
923 5011 978 5065 Hie
990 5006 1119 5079 aut‘aput
1130 5028 1180 5066 nos
1192 5027 1293 5080 magna
1303 5009 1390 5065 turba
1401 5025 1433 5064 ac
