3300 6050
743 764 994 826 ‚svavmam
1231 766 1296 840 [Ν.
1310 772 1353 823 ιο.
1365 771 1480 823 ra-a.

355 956 425 1024 luci
444 957 535 1025 claro
556 956 760 1042 deripiamus
780 954 901 1025 aurum
922 952 1084 1024 matronis
1105 953 1237 1041 palam:

267 1145 271 1151 .
356 1073 436 1161 ptst
455 1073 501 1158 id,
522 1074 551 1141 si
573 1071 730 1160 deprensi
750 1072 865 1156 simus,
886 1071 1088 1142 excusemus
1109 1070 1220 1138 ebrios

356 1190 419 1259 nts
432 1192 560 1274 fecisse,
574 1190 698 1259 amoris
713 1212 822 1264 eausa
850 1190 951 1259 nimis
965 1192 1035 1262 uile
1049 1196 1102 1262 est
1116 1191 1236 1258 uinum
1250 1188 1355 1275 atque
1369 1210 1483 1272 amor,

358 1310 387 1376 si
409 1308 502 1389 tbrio
518 1314 626 1396 atque
647 1308 775 1377 amtnti
796 1309 925 1397 inpune
947 1309 1059 1379 ftoere
1080 1311 1174 1397 quod
1194 1309 1312 1378 lubett
1332 1310 1422 1378 licet.
1452 1327 1484 1375 ar

178 1522 180 1527 Ι
773 1426 980 1499 uerrere

273 1559 334 1630 745
359 1544 527 1632 quintibi
548 1544 639 1619 ultro
659 1544 886 1633 supplicatum
906 1546 1008 1616 utnio
1028 1546 1074 1616 ob
1094 1545 1276 1614 stultititm
1296 1566 1417 1613 meam.

346 1680 351 1690 '
797 1667 951 1739 avemo.
1056 1657 1062 1666 ’

272 1855 275 1860 ,
358 1787 427 1856 utu
440 1788 488 1856 mi
501 1787 654 1857 homines
662 1786 796 1875 plaetnt
810 1789 871 1875 qui
884 1788 1022 1875 quando
1031 1787 1121 1855 mtle
1134 1784 1490 1873 feceruntptrgitant.

358 1906 397 1975 tri
417 1906 511 1975 illam
532 1906 640 1975 scibas
661 1905 731 1974 non
750 1912 846 1976 tuem
867 1928 962 1977 esse:
990 1906 1060 1975 non
1081 1911 1243 1976 attactam
1264 1903 1426 1992 optrtuit

353 2084 356 2088 .
769 2027 980 2095 Lrooumus.

358 2144 438 2230 ergo
452 2143 532 2230 quia
546 2165 621 2213 sum
634 2144 774 2232 tingere
794 2168 905 2231 ausus,
921 2144 1004 2214 haut
1016 2144 1193 2215 causificor
1212 2142 1295 2230 quin
1315 2162 1392 2211 eam
1455 2159 1489 2207 as

360 2261 422 2350 tgo
443 2262 586 2331 habeam
607 2263 843 2351 potissumum.

803 2383 955 2452 uveam.

844 2506 908 2571 tun
928 2499 1055 2569 habeas
1075 2519 1131 2568 me
1151 2497 1261 2566 inuito
1282 2500 1417 2567 meamt

771 2623 983 2691 Iuooumus.
1163 2661 1166 2668 -

277 2756 341 2824 750
362 2742 446 2812 haut
466 2748 503 2813 te
523 2743 633 2811 inuito
654 2741 811 2829 postulo:
841 2743 903 2810 sed
923 2740 1033 2809 meam
1053 2760 1129 2809 esse
1149 2742 1307 2825 oportere
1327 2735 1492 2806 trbitror.

361 2863 444 2949 quin
465 2868 505 2933 tu
526 2863 596 2931 tam
617 2862 778 2948 inuenies,
801 2862 949 2948 inquam,
972 2862 1065 2930 illam
1091 2857 1200 2926 meam
1221 2878 1295 2925 esse
1316 2860 1490 2941 oportere,

1129 2975 1256 3046 Euclio.

802 3100 953 3169 Evomo.

360 3220 426 3288 uisi
447 3221 561 3290 refers.

775 3341 984 3408 Lrooumus.

556 3457 641 3542 quid
661 3457 726 3526 tibi
746 3480 811 3544 ego
832 3459 1002 3528 referam?

803 3579 954 3647 uvemo.

997 3693 1092 3780 quod
1113 3694 1324 3781 subrupuisti
1346 3716 1473 3764 meum.

363 3812 432 3879 itm
458 3813 596 3896 quidem
622 3812 735 3881 hercle
760 3818 797 3883 te
817 3815 864 3883 td
888 3820 1079 3902 praetorem
1105 3816 1235 3901 rtpiam
1257 3819 1293 3882 et
1317 3815 1382 3882 tibi
1407 3815 1489 3882 sori-

1139 3932 1218 4000 bam
1240 3932 1359 4000 dicam.
1457 3949 1489 3996 ao

779 4048 988 4119 Lroorrmus.

364 4165 526 4252 subrupui
547 4185 610 4250 ego
631 4167 749 4234 tuomt
777 4166 891 4237 iudet
918 4174 979 4238 aut
1001 4171 1086 4256 quid
1106 4171 1143 4240 id
1163 4173 1239 4240 esti

278 4336 380 4392 habeat
401 4334 450 4403 ιῙγ.
527 4339 577 4396 741
596 4336 650 4392 tue
660 4336 808 4404 seminini
826 4345 867 4393 est
883 4339 998 4407 ymera
1000 4381 1064 4394 ......
1066 4338 1226 4394 marrutius
1245 4336 1374 4393 Plautus
1392 4333 1490 4388 Aulu-

277 4422 373 4480 laria:
398 4422 454 4478 luci
470 4422 545 4479 olore
564 4421 738 4491 disripiamus
750 4439 848 4478 aurum
863 4425 995 4479 matronis
1010 4423 1109 4494 palam.
1152 4424 1270 4482 Nonius
1288 4438 1349 4491 210,
1367 4422 1391 4478 8.
1427 4422 1489 4477 luoe

278 4509 353 4565 clara
374 4508 446 4564 libri
466 4508 614 4564 Plautini.
689 4509 741 4567 742
757 4508 851 4578 prensi
870 4509 1091 4580 irreprehensi
1110 4508 1338 4580 emeramensi
1355 4507 1490 4563 fuerimus

279 4595 402 4650 Bottias
430 4609 497 4647 cum
526 4594 759 4663 welferbytano,
783 4595 914 4666 deprensi
942 4597 1058 4666 sortpri.
1163 4602 1214 4657 745
1242 4595 1394 4652 stulticiam
1416 4594 1489 4654 ’Βῶ

280 4683 330 4738 746
347 4679 415 4732 mihi
432 4678 490 4746 Βγ,
505 4679 590 4735 miehi
606 4679 639 4739 J.
727 4683 778 4742 747
795 4686 932 4738 wewam
944 4702 968 4752 γ.
1057 4687 1108 4743 748
1126 4683 1202 4739 haud
1219 4681 1269 4750 ιῙγ.
1359 4683 1489 4753 7491·ςο

279 4766 377 4821 abeam
396 4765 569 4835 potissimum
588 4785 612 4835 γ.
709 4770 760 4828 750
780 4769 865 4825 Haud
883 4771 932 4838 ιῐγ.
1028 4774 1076 4830 751
1096 4787 1158 4826 eam
1172 4769 1255 4838 Bra,
1274 4768 1330 4824 iam
1349 4769 1488 4824 Brioeim.

279 4869 371 4910 meam
381 4852 457 4909 illam
468 4852 549 4922 Bra,
561 4854 644 4912 illane
661 4873 752 4913 meam
768 4856 901 4927 Bestius,
913 4874 962 4925 opo
975 4864 1086 4913 remites
1102 4873 1168 4911 som
1187 4854 1342 4910 Brisium.
1378 4857 1490 4924 oportet

279 4938 329 5005 ιῙγ.
470 4940 521 4997 755
538 4945 567 4993 et
590 4943 642 5000 753
671 4942 776 4997 ordino
796 4941 913 4997 inuersa
936 4942 1064 5011 torrendos
1086 4958 1142 4998 esse
1171 4942 1297 4997 oenrebot
1325 4940 1490 4996 Antistius.

280 5025 332 5082 762
351 5022 552 5094 surripuistis,
564 5024 639 5081 subr.
651 5043 677 5092 γ.
731 5029 782 5086 754
795 5025 1077 5097 Surripioegotuum
1087 5025 1129 5084 Β.
1162 5024 1490 5096 Βυῌίριιίθςοιιιιιωιῖ.
