3300 6050
673 780 973 863 888885888888.

501 964 551 1020 496
582 966 663 1018 Enim
679 966 747 1017 mihi
763 967 869 1031 quidem
885 980 998 1029 aequum
1014 966 1055 1017 eat
1174 962 1176 964 ’

583 1048 728 1111 Purpuram
745 1051 823 1126 ntqne
840 1064 933 1099 aurum
949 1049 1006 1100 dari

225 1181 285 1242 504
299 1181 335 1241 de
347 1182 475 1261 phyrgio
489 1182 553 1243 diti
564 1204 595 1260 p.
611 1201 677 1242 8888
800 1184 859 1243 506
873 1184 941 1243 Aut
953 1183 1130 1243 manulearii
1144 1190 1197 1243 aut
1211 1184 1427 1245 murobetherii

225 1297 285 1355 508
306 1297 485 1356 58558885
607 1298 665 1357 588
687 1297 808 1357 solarii
931 1298 990 1355 513
1011 1273 1136 1356 taen
1150 1318 1218 1356 cum
1231 1304 1314 1357 sant
1327 1298 1428 1376 phyla-

224 1412 315 1470 eistne
330 1412 382 1489 (sie
395 1412 483 1470 565556
496 1410 532 1490 J)
655 1411 800 1470 5159818
921 1413 981 1470 518
1002 1411 1099 1470 soluta
1120 1417 1165 1470 est
1295 1414 1355 1471 522
1369 1415 1428 1473 dis·

224 1532 330 1604 putate
344 1533 389 1586 886
510 1526 569 1583 526
590 1526 725 1584 indotata
739 1530 785 1583 est
908 1524 966 1583 528
981 1544 1082 1588 eccum
1095 1525 1224 1584 adfinem
1237 1532 1307 1585 ante
1320 1528 1407 1585 aedes

286 1639 402 1698 Evcnro
427 1638 622 1697 Mneanonvs
649 1636 746 1694 Seres
767 1635 838 1694 Dve
974 1636 1032 1695 529
1062 1637 1200 1695 Nimium
1225 1638 1351 1695 libenter
1378 1638 1427 1696 edi

225 1731 329 1810 355885
450 1752 508 1809 588
531 1752 570 1809 ns
590 1750 668 1809 5888
690 1750 804 1827 nuptiis
821 1748 863 1810 55.
888 1750 991 1823 ress,
1018 1751 1060 1809 55
1080 1751 1159 1827 quoe
1176 1752 1254 1811 555
1272 1752 1427 1811 manue

225 1863 493 1929 Schwerzrnartrrus.
612 1863 671 1921 535
699 1862 859 1941 quiequam
974 1864 1032 1922 536
1055 1846 1170 1943 Opir'ine
1307 1865 1365 1926 537
1391 1872 1427 1925 ut

226 1978 282 2035 siet
405 1977 464 2036 540
478 1978 528 2035 hie
542 1996 555 2035 e
569 1975 694 2046 silentio,
706 1976 762 2035 hoe
775 1977 807 2049 J,
823 1985 858 2035 856
871 1996 998 2053 expresse
1011 1979 1136 2038 relatum
1244 1980 1342 2059 pelam
1357 1982 1427 2040 feeit

227 2094 283 2151 541
301 2094 369 2152 (1888
382 2099 586 2151 natuseuoess
698 2091 757 2149 543
772 2092 812 2168 sit
922 2093 981 2150 544
996 2092 1149 2170 inpleuisti
1162 2094 1427 2155 Schweremanrtus

226 2226 351 2282 eapresse
366 2214 487 2264 testatur
597 2203 655 2261 545
670 2222 755 2262 88888
865 2203 923 2263 549
946 2205 1102 2264 tibicinam
1115 2226 1129 2265 e
1142 2207 1257 2266 86655665
1366 2211 1426 2269 552

225 2309 414 2381 uelle‘⁴0niset
550 2318 609 2376 554
631 2317 784 2375 curionem
809 2316 915 2376 128558
1044 2320 1102 2377 555
1128 2312 1237 2380 curioi'
1366 2325 1426 2384 556

227 2438 305 2507 Quia
323 2457 388 2496 8888
401 2443 490 2513 atque
504 2435 591 2513 pellis
604 2439 688 2491 totus
703 2440 748 2491 886
761 2433 825 2504 BJ.
950 2434 1007 2495 557
1026 2435 1117 2512 probo
1134 2456 1214 2495 55565
1230 2436 1348 2496 Gruter-i
1362 2459 1427 2498 rore·

225 2550 368 2608 iecturem
381 2549 409 2607 ei
422 2548 494 2620 uiue
509 2567 582 2623 qaae
600 2566 635 2605 ex
647 2546 672 2616 J
677 2545 773 2622 facile
786 2545 910 2623 efficitur
923 2546 966 2627 (et
976 2569 1032 2623 pro
1047 2546 1086 2625 ei)
1207 2551 1266 2608 559
1289 2558 1427 2629 optumus

226 2668 272 2721 est
290 2662 380 2720 etiem
393 2662 425 2725 B
547 2661 607 2719 563
629 2679 648 2717 8
669 2678 717 2717 me
739 2659 883 2717 adierrier
1005 2660 1063 2719 564
1078 2662 1231 2722 decretum
1252 2676 1298 2724 est
1318 2686 1427 2744 aquam

226 2779 285 2841 567
300 2779 429 2837 adfectet
548 2776 608 2835 573
623 2776 829 2851 congreditum
843 2780 888 2833 886
1010 2776 1069 2836 574
1089 2779 1236 2856 optimum
1331 2784 1427 2860 possis

225 2911 306 2951 nune
319 2890 374 2950 1858
384 2890 459 2949 mihi
472 2889 553 2948 factu
567 2889 760 2966 6ptumumat,
774 2893 810 2946 ut
823 2893 856 2947 te
869 2887 1000 2947 triferam

286 3169 453 3228 8888888888
474 3168 643 3227 1188888888
664 3167 780 3227 Servvs
795 3186 802 3228 ι
823 3187 858 3226 ea
871 3187 930 3244 que
943 3164 1133 3242 inscriptione
1146 3164 1209 3226 iam
1221 3171 1426 3244 premmete'eos

224 3284 298 3343 588
310 3282 447 3344 serastes
460 3245 675 3341 55585885
687 3284 827 3359 appara:
847 3282 882 3341 5
895 3302 956 3359 pa
969 3302 999 3341 8
1013 3282 1077 3341 era
1090 3283 1157 3342 558.
1168 3305 1200 3360 p.
1218 3287 1264 3345 85.
1365 3289 1424 3348 588

225 3397 318 3457 herile
341 3418 356 3457 e
376 3397 491 3456 silentio
634 3397 690 3455 581
717 3417 768 3455 888
791 3417 830 3456 ex
852 3397 1053 3455 sentententia
1075 3416 1201 3471 expresse
1322 3420 1426 3461 semus

223 3511 365 3570 5861586668
488 3510 548 3568 583
565 3529 685 3568 seruum
806 3509 865 3568 585
887 3509 1015 3566 officium
1036 3527 1050 3565 5
1069 3507 1184 3565 silentio
1307 3512 1366 3570 586
1387 3515 1425 3572 ed

223 3627 266 3686 ed.
282 3626 386 3698 Arest,
400 3627 443 3685 ad
455 3624 540 3701 qaod
558 3624 636 3682 56561
648 3624 803 3682 aduocauit
822 3623 1088 3682 Schwaremarereus
1176 3642 1306 3682 noenum
1320 3629 1426 3686 58884556

226 3742 268 3800 ed
280 3762 308 3800 5.
326 3741 362 3803 67
446 3741 588 3819 inpellere
601 3757 729 3814 eapresse
849 3738 906 3796 531
930 3756 1048 3795 seruum
1068 3743 1093 3794 56
1114 3756 1242 3814 aequum
1364 3741 1425 3801 590

225 3852 334 3910 habeat
442 3853 500 3912 592
516 3852 606 3912 cicius
716 3850 775 3908 598
786 3848 920 3907 adsidam
1028 3847 1087 3906 601
1103 3847 1194 3905 situm
1208 3853 1253 3906 886
1365 3851 1424 3912 603

226 3966 379 4044 pulchram
400 3966 455 4036 BJ
577 3964 636 4024 604
660 3963 777 4021 affinem
798 3982 813 4021 5
835 3961 949 4021 silentio
1093 3962 1149 4020 609
1171 3961 1248 4020 fano.
1271 3961 1358 4022 Fides
1380 3966 1421 4026 ed.

223 4082 324 4154 Amet,
339 4082 382 4140 ad
393 4080 472 4157 quod
488 4080 567 4139 551ιὶ1
579 4078 735 4138 aderam
750 4076 1019 4137 Schwaranwnnus.
1062 4075 1194 4135 debebam
1212 4075 1330 4135 0558585
1350 4080 1425 4140 testi-

224 4196 358 4254 monium
382 4196 424 4254 ed
446 4215 475 4255 u.
498 4194 555 4253 659
577 4192 692 4270 referre,
712 4212 778 4250 5558
802 4191 946 4267 adpareat
970 4209 1037 4248 eum
1059 4189 1100 4246 iti
1122 4189 1196 4246 Fide
1214 4209 1271 4263 pro
1291 4193 1424 4264 9585566558

224 4317 335 4393 cepisse.
380 4318 415 4375 de
434 4317 479 4397 Jy
499 4317 569 4374 fidei
589 4335 714 4393 expresse
731 4313 843 4374 notaui.
967 4310 1023 4370 611
1040 4329 1093 4387 ego
1216 4310 1274 4368 613
1289 4332 1424 4388 reperero

227 4429 285 4487 616
306 4449 387 4488 nune
407 4438 446 4489 est
470 4429 505 4488 ire
527 4428 586 4487 cod.
720 4427 778 4488 617
799 4425 970 4505 groeehibat
991 4443 1116 4500 expresse
1139 4432 1259 4481 65868655
1278 4424 1424 4488 881588858-

223 4561 353 4600 mannus
445 4518 502 4597 621
522 4540 710 4617 comparabat
805 4557 873 4596 eum
886 4553 1037 4612 compares
1129 4533 1187 4591 622
1201 4535 1424 4612 praestrigiator

225 4651 284 4709 623
299 4670 416 4708 meeum
429 4657 474 4709 eat
487 4649 568 4731 BJy.
692 4652 749 4710 624
771 4651 905 4709 adflictas
995 4665 1082 4704 888888
1205 4645 1262 4703 625
1277 4646 1425 4708 Verbera·

223 4763 418 4822 bilissimeed.
434 4764 536 4841 Amet,
551 4767 594 4826 ad
612 4769 691 4844 qaod
710 4767 789 4825 59857
804 4766 960 4825 5565868566
979 4762 1242 4823 Sessar-amanum
1363 4766 1422 4826 626

222 4877 365 4954 surrupui
379 4897 505 4954 expresse
626 4880 682 4938 621
699 4880 766 4938 Η88
776 4879 849 4957 quid
859 4879 921 4956 agie
1043 4874 1100 4932 629
1115 4874 1185 4931 data
1198 4894 1238 4933 re·
1364 4876 1419 4935 631

220 4989 369 5067 quidquid
493 4991 551 5052 633
565 5011 626 5052 nen
639 4991 725 5052 aliter
739 5010 883 5067 personas
904 4987 1075 5051 detritam
1094 5003 1150 5046 8888
1162 4982 1212 5046 eor
